# # # # # # # # #
# Communications
# # # # # # # # #

@electronic {
	communication_usb,

	author	= "{Innovative Logic}",
	title	= "{USB 3.0 SuperSpeed Overview}",
	url		= "http://www.inno-logic.com/resourcesUSB3.html",
	day		= 3,
	month	= apr,
	year	= 2009,
}

@electronic {
	communication_usb_presentation,
	
	author	= "Dan Froelich",
	title	= "{SuperSpeed USB Isochronous}",
	url		= "http://www.usb.org/developers/presentations/SuperSpeed\_USB\_DevCon \_Isochronous\_Froelich.pdf",
	day		= 16,
	month	= aug,
	year	= 2009,
}

@standard {
	communication_usb_specification,
	
	title			= "{Universal Serial Bus 3.0 Specification}",
	organization	= "Hewlett-Packard Company, Intel Corporation, Microsoft Corporation, NEC Corporation, ST-NXP Wireless, and Texas Instruments",
	number			= "1.0",
	day				= 12,
	month			= nov,
	year			= 2008,
	editor			= "Aaftab Munshi",
}

@misc {
	communication_usb_ellisys,

	title			= "{Challenges of Migrating to Wireless USB}",
	howpublished	= "White Paper",
	organization	= "Ellisys",
	day				= 18,
	month			= sep,
	year			= 2009,
	url				= "http://www.ellisys.com/technology/usb\_to\_wireless.php",
}




# # # # # # # # # # # # # # # #
# Multi-processing programming
# # # # # # # # # # # # # # # #

@electronic {
	multiprocessor_pascals_triangle,

	author	= "{Dauger Research}",
	title	= "{Parallel Pascal's Triangle}",
	url		= "http://daugerresearch.com/vault/parallelpascalstriangle.shtml",
	day		= 3,
	month	= apr,
	year	= 2009,
}

@electronic {
	multiprocessor_playstation3_sample,

	author	= "{Sony Computer Entertainment Inc. and Sony Corp.}",
	title	= "Application Programming Environment",
	url		= "http://felter.org/wesley/files/ps3/linux-20091110-docs/ApplicationProgrammingEnvironment.html",
	day		= 3,
	month	= apr,
	year	= 2009,
}

@article {
	DiazMN12,
	
	author	= "Javier Diaz and Camelia Munoz-Caro and Alfonso Nino", 
	title	= "{A Survey of Parallel Programming Models and Tools in the Multi and Many-Core Era}", 
	journal	= {Parallel and Distributed Systems, IEEE Transactions on}, 
	year	= 2012, 
	month	= aug, 
	volume	= 23, 
	number	= 8, 
	pages	= "1369 - 1386"
}

@inproceedings {
	multiprocessor_fork_join,
	
	author		= "Xavier Martorell and Eduard Ayguad{\'e} and Nacho Navarro and Julita Corbal\'{a}n and Marc Gonz\'{a}lez and Jes\'{u}s Labarta",
	title		= "{Thread Fork/Join Techniques for Multi-Level Parallelism Exploitation in NUMA Multiprocessors}",
	booktitle	= {Proceedings of the 13th International Conference on Supercomputing},
	series		= {ICS},
	year		= 1999,
	location	= {Rhodes, Greece},
	pages		= "294 - 301",
	numpages	= 8,
	publisher	= {ACM}
} 

@inproceedings {
	OjailDLG13, 

	author		= "Maroun Ojail and Raphael David and Yves Lhuillier and Alexandre Guerre", 
	title		= "{ARTM: A Lightweight Fork-Join Framework for Many-Core Embedded Systems}", 
	booktitle	= {Design, Automation Test in Europe Conference Exhibition (DATE)}, 
	year		= 2013, 
	pages		= "1510 - 1515"
}

@inproceedings {
	OjailDCLB11,

	author		= "Maroun Ojail and Raphael David and Karim Ben Chehida and Yves Lhuillier and Luca Benini",
	title		= "{Synchronous Reactive Fine Grain Tasks Management for Homogeneous Many-Core Architectures}",
	booktitle	= {ARCS Workshops},
	year		= 2011
}

@inproceedings {
	WangP14,
	
	author		= "Qi Wang and Gabriel Parmer", 
	title		= "{FJOS: Practical, Predictable, and Efficient System Support for Fork/Join Parallelism}", 
	booktitle	= "Proceedings of the 20th Real-Time and Embedded Technology and Applications Symposium (RTAS)", 
	year		= 2014,
	location	= "Berlin, Germany"
}

@inproceedings{
	AlBM14,
	
	author		= "Hayder Al-Khalissi and Mladen Berekovic and Andrea Marongiu",
	title		= "{On the Relevance of Architectural Awareness for Efficient Fork/Join Support on Cluster-Based Manycores}",
	booktitle	= {Proceedings of International Workshop on Manycore Embedded Systems},
	series		= {MES},
	year		= 2014,
	location	= "Minneapolis, MN, USA",
	numpages	= 8,
	publisher	= {ACM}
} 

@inproceedings {
	multiprocessor_amd_exascale,
	
	author		= "Chuck Moore",
	title		= "{Data Processing in Exascale-Class Computer Systems}",
	booktitle	= {Presented at Scientific Discovery through Advanced Computing Program (SciDAC 2011)},
	year		= 2011,
	month		= apr,
	day			= 27,
	location	= "Denver, Colorado"
}

@incollection {
	multiprocessor_static_scheduling_uncertain,
	
	author		= "Jun Yang and Xiaochuan Ma and Chaohuan Hou and Zheng Yao",
	title		= "{A Static Multiprocessor Scheduling Algorithm for Arbitrary Directed Task Graphs in Uncertain Environments}",
	year		= 2008,
	booktitle	= {Algorithms and Architectures for Parallel Processing},
	volume		= 5022,
	series		= {Lecture Notes in Computer Science},
	editor		= "AnuG. Bourgeois and S.Q. Zheng",
	publisher	= {Springer Berlin Heidelberg},
	pages		= "18 - 29"
}


@misc {
	multiprocessor_openmp,
	
	title	= "{OpenMP Application Program Interface}",
	author	= "{OpenMP Architecture Review Board}",
	note	= "Standard 4.0",
	year	= 2013,
	month	= jul
}

@misc {
	multiprocessor_pthreads,
	
	title	= "{POSIX.1-2008}",
	author	= "{The IEEE and The Open Group}",
	note	= "Standard Issue 7",
	year	= 2008,
	editor	= "Cathy Fox"
}

@misc {
	multiprocessor_mpi,
	
	title	= "{MPI: A Message-Passing Interface Standard}",
	author	= "{Message Passing Interface Forum}",
	note	= "Standard 3.0",
	year	= 2012,
	month	= sep,
	day		= 21
}

@misc {
	multiprocessor_intel_tbb,
	
	author	= "{Intel}",
	title	= "{Intel Thread Building Blocks}",
	note	= "[Online] http://threadingbuildingblocks.org",
	year	= 2012,
	month	= nov,
	day		= 3
}

@misc {
	multiprocessor_intel_cilk_plus,
	
	author	= "{Intel}",
	title	= "{Intel Cilk Plus}",
	note	= "[Online] http://software.intel.com/en-us/intel-cilk-plus",
	year	= 2012,
	month	= nov,
	day		= 3
}

@inproceedings {
	multiprocessor_cilk,
	
	author		= "Robert D. Blumofe and Christopher F. Joerg and Bradley C. Kuszmaul and Charles E. Leiserson and Keith H. Randall and Yuli Zhou",
	title		= "{Cilk: An Efficient Multithreaded Runtime System}",
	booktitle	= {Proceedings of the fifth ACM SIGPLAN symposium on Principles and practice of parallel programming},
	series		= {PPOPP '95},
	year		= 1995,
	location	= {Santa Barbara, California, United States},
	pages		= "207 - 216",
	numpages	= 10,
	publisher	= {ACM},
	address		= {New York, NY, USA}
}

@article {
	Valiant90,
	
	author		= "Leslie G. Valiant",
	title		= "{A Bridging Model for Parallel Computation}",
	journal		= {Commun. ACM},
	volume		= 33,
	number		= 8,
	month		= aug,
	year		= 1990,
	pages		= "103 - 111",
	numpages	= 9,
	publisher	= {ACM},
	address		= {New York, NY, USA}
} 

@article{
	multiprocessor_bsp,
	
	author	= "David B. Skillicorn and Jonathan M. D. Hill and W. F. McColl",
	title	= "{Questions and answers about BSP}",
	journal = "Scientific Programming", 
	year	= 1997,
	volume	= 6, 
	number	= 3, 
	pages	= "249 - 274"
}

@techreport {
	multiprocessor_disciplined_mpi,
	author		= "Edward A. Lee",
	title		= "{Disciplined Message Passing}",
	institution	= {EECS, University of California at Berkeley},
	year		= 2009,
	number		= {UCB/EECS-2009-7}
}

@techreport {
	multiprocessor_intel_tbb_reference,
	
	author		= "{Intel Corporation}",
	title		= "{Intel\textregistered Threading Building Blocks Reference Manual}",
	institution	= "Intel Corporation",
	number		= "315415-016US",
	year		= "2012",
	url			= "http://www.threadingbuildingblocks.org/ver.php?fid=91",
}

@techreport {
	multiprocessor_intel_tbb_patterns,
	
	author		= "{Intel Corporation}",
	title		= "{Intel\textregistered Threading Building Blocks Design Patterns}",
	institution	= "Intel Corporation",
	number		= "315415-016US",
	year		= "2012",
	url			= "http://www.threadingbuildingblocks.org/ver.php?fid=91",
}

@techreport {
	multiprocessor_cuda,
	
	author		= "{Nvidia}",
	title		= "{Nvidia CUDA\texttrademark}",
	institution	= "Nvidia",
	type		= "Programming Guide",
	number		= "2.1",
	year		= "2008",
	url			= "http://developer.download.nvidia.com/compute/cuda/2\_1/toolkit/docs /NVIDIA\_CUDA\_Programming\_Guide\_2.1.pdf",
}

@techreport {
	multiprocessor_stream_computing,
	
	author		= "{ATI}",
	title		= "{Stream Computing Overview}",
	institution	= "ATI",
	type		= "Technical Overview",
	year		= "2009",
	url			= "http://developer.amd.com/gpu\_assets/Stream\_Computing\_Overview.pdf",
}

@misc {
	multiprocessor_opencl,
	
	title	= "{The OpenCL Specification}",
	author	= "{Khronos OpenCL Working Group}",
	note	= "Standard 1.0.33",
	year	= 2009,
	editor	= "Aaftab Munshi",
}

@techreport {
	multiprocessor_gcd,

	author			= "{Apple Inc.}",
	title			= "{Grand Central Dispatch}",
	organization	= "Apple Inc.",
	institution		= "Apple Inc.",
	type			= "Technology Brief",
	month			= jun,
	year			= 2009,
	url				= "http://www.apple.com/nz/macosx/technology/\#grandcentral"
}

@techreport {
	multiprocessor_opencl_apple,

	author			= "{Apple Inc.}",
	title			= "{OpenCL}",
	organization	= "Apple Inc.",
	institution		= "Apple Inc.",
	type			= "Technology Brief",
	month			= jun,
	year			= 2009,
	url				= "http://www.apple.com/nz/macosx/technology/\#opencl",
}

@electronic {
	multiprocessor_opencl_quick_reference,

	title	= "{OpenCL\texttrademark API 1.0 Quick Reference Card}",
	author	= "{Khronos Group}",
	number	= 0409,
	day	= 12,
	month	= jul,
	year	= 2009,
	url	= "http://www.khronos.org/files/opencl-quick-reference-card.pdf",
}

@techreport {
	multiprocessor_opencl_nvidia,

	title		= "{NVIDIA\textregistered OpenCL\texttrademark JumpStart Guide}",
	author		= "{NVIDIA Corporation}",
	institution	= "{NVIDIA Corporation}",
	number		= "0.9",
	month		= apr,
	year		= 2009,
	type		= "Technical Brief",
	url			= "http://developer.download.nvidia.com/OpenCL/NVIDIA\_OpenCL\_Jump Start\_Guide.pdf",
}


@inproceedings {
	multiprocessing_heterogeneous,
 
	title		= "{A Methodology for Generating Application-Specific Heterogeneous Processor Arrays}", 
	author		= "Stephen Craven and Cameron Patterson and Peter Athanas",
	booktitle	= {System Sciences, 2006. HICSS '06. Proceedings of the 39th Annual Hawaii International Conference on}, 
	year		= 2006, 
	month		= jan, 
	volume		= 10,  
	pages		= {251a-251a}, 
	doi			= {10.1109/HICSS.2006.15}, 
	ISSN		= {1530-1605},
}

@misc {
	multiprocessing_heterogeneous_programming,

	title			= "{An Evolutionary Path for High Performance Heterogeneous Multicore Programming}",
	howpublished	= "White Paper",
	organisation	= "CAPS enterprise",
	author			= "Francois Bodin",
	day				= 9,
	month			= jun,
	year			= 2008,
	url				= "http://www.caps-entreprise.com/June08-An Evolutionary Path for High Performance Heterogeneous Multicore Programming.pdf",
}

@unpublished {
	multiprocessing_hmpp,

	title	= "{HMPP: A Hybrid Multi-Core Parallel Programming Environment}",
	author	= "Romain Dolbeau and Stephane Bihan and Francois Bodin and {CAPS enterprise}",
	month	= oct,
	year	= 2007,
	url		= "http://www.caps-entreprise.com/caps-hmpp-gpgpu-Boston-Workshop-Oct-2007.pdf",
	note	= "Workshop on General Processing Using GPUs, Boston",
}

@inproceedings{
	multiprocessing_openmp_synchronous,
	
	author		= "Daniel Baudisch and Jens Brandt and Klaus Schneider",
	title		= "{Multithreaded Code from Synchronous Programs: Extracting Independent Threads for OpenMP}",
	booktitle	= {Design, Automation and Test in Europe (DATE)},
	publisher	= {EDA Consortium},
	pages		= "949 - 952",
	year		= 2010,
}

@inproceedings {
	multiprocessing_predictability,
	
	author		= "Bj{\"o}rn Lisper",
	title		= "{Towards Parallel Programming Models for Predictability}",
	booktitle	= {12th International Workshop on Worst-Case Execution Time Analysis},
	day			= 10,
	month		= jul,
	year		= 2012,
	pages		= "48 - 58",
	publisher	= {Schloss Dagstuhl - Leibniz-Zentrum fuer Informatik},
	series		= {OASICS},
	volume		= 23,
	location	= "Pisa, Italy"

}

@inbook {
	multiprocessing_embedded_models,
	
	author		= "Bijoy A. Jose and Bin Xue and Sandeep K. Shukla and Jean-Pierre Talpin",
	editor		= "Georgios Kornaros", 
	title		= "{Programming Models for Multi-Core Embedded Software}", 
	chapter		= 8,
	pages		= "269 - 308", 
	publisher	= "CRC Press", 
	year		= 2010
}

@article {
	multiprocessing_problem_threads,
	
	author		= "Edward A. Lee",
	title		= "{The Problem with Threads}",
	journal		= {Computer},
	volume		= 39,
	year		= 2006,
	pages		= {33 - 42},
	publisher	= {IEEE Computer Society},
	address		= {Los Alamitos, CA, USA}
}

@article {
	Dijkstra65,

	author		= "Edsger Wybe Dijkstra",
	title		= "{Solution of a Problem in Concurrent Programming Control}",
	journal		= {Commun. ACM},
	volume		= 8,
	number		= 9,
	month		= sep,
	year		= 1965,
	publisher	= {ACM},
	address		= {New York, NY, USA}
}

@article {
	multiprocessing_debugging_concurrency,

	author		= "Charles E. McDowell and David P. Helmbold",
	title		= "{Debugging Concurrent Programs}",
	journal		= {ACM Comput. Surv.},
	volume		= 21,
	number		= 4,
	month		= dec,
	year		= 1989,
	pages		= "593 - 622",
	numpages	= 30,
	publisher	= {ACM},
	address		= {New York, NY, USA}
} 

@inproceedings {
	multiprocessing_debugging_concurrency_study,

	author		= "Shan Lu and Soyeon Park and Eunsoo Seo and Yuanyuan Zhou",
	title		= "{Learning from Mistakes: A Comprehensive Study on Real World Concurrency Bug Characteristics}",
	booktitle	= {Proceedings of the 13th International Conference on Architectural Support for Programming Languages and Operating Systems},
	series		= {ASPLOS XIII},
	year		= 2008,
	location	= {Seattle, WA, USA},
	pages		= "329 - 339",
	numpages	= 11,
	publisher	= {ACM}
} 

@inproceedings {
	MeadeBC11,

	author		= "Anne Meade and Jim Buckley and J. J. Collins",
	title		= "{Challenges of Evolving Sequential to Parallel Code: An Exploratory Review}",
	booktitle	= {Proceedings of the 12th International Workshop on Principles of Software Evolution and the 7th Annual ERCIM Workshop on Software Evolution},
	series		= {IWPSE-EVOL '11},
	year		= 2011,
	location	= {Szeged, Hungary},
	pages		= "1 - 5",
	numpages	= 5
} 

@inproceedings {
	multiprocessing_nondeterminism,
	
	author		= "Derek G. Murray and Steven Hand",
	title		= "{Non-Deterministic Parallelism Considered Useful}",
	booktitle	= {Proceedings of the 13th USENIX conference on Hot topics in operating systems},
	series		= {HotOS'13},
	year		= 2011,
	location	= {Napa, California},
	publisher	= {USENIX Association},
	address		= {Berkeley, CA, USA}
} 

@inproceedings{
	multiprocessing_determinism_default,
	
	author		= "Robert L. Bocchino Jr. and Vikram S. Adve and Sarita V. Adve and Marc Snir",
	title		= "{Parallel Programming Must Be Deterministic by Default}",
	booktitle	= {Proceedings of the First USENIX conference on Hot Topics in Parallelism},
	series		= {HotPar'09},
	year		= 2009,
	location	= {Berkeley, California},
	numpages	= 1,
	publisher	= {USENIX Association},
	address		= {Berkeley, CA, USA},
} 

@inproceedings {
	multiprocessing_data_race_detection,
	
	author		= "Raghavan Raman and Jisheng Zhao and Vivek Sarkar and Martin Vechev and Eran Yahav",
	title		= "{Efficient Data Race Detection for Async-Finish Parallelism}",
	booktitle	= {Proceedings of the 1st International Conference on Runtime Verification},
	series		= {RV},
	year		= 2010,
	location	= {St. Julians, Malta},
	pages		= "368 - 383",
	numpages	= 16,
	publisher	= {Springer-Verlag}
} 

@inproceedings {
	multiprocessing_data_races_cilk,
	
	author		= "Mingdong Feng and Charles E. Leiserson",
	title		= "{Efficient Detection of Determinacy Races in Cilk Programs}",
	booktitle	= {Proceedings of the ninth annual ACM symposium on Parallel algorithms and architectures},
	series		= {SPAA '97},
	year		= 1997,
	location	= {Newport, Rhode Island, United States},
	pages		= "1 - 11",
	numpages	= 11,
	publisher	= {ACM},
	address 	= {New York, NY, USA}
} 

@article{
	multiprocessing_sharc,
	
	author		= "Zachary Anderson and David Gay and Rob Ennals and Eric Brewer",
	title		= "{SharC: Checking Data Sharing Strategies for Multithreaded C}",
	journal		= {SIGPLAN Not.},
	volume		= 43,
	number		= 6,
	month		= jun,
	year		= 2008,
	pages		= "149 - 158",
	numpages	= 10,
	publisher	= {ACM},
	address		= {New York, NY, USA}
} 

@inproceedings{
	multiprocessing_cat,
	
	author		= "Cormac Flanagan and Shaz Qadeer",
	title		= "{Types for Atomicity}",
	booktitle	= {Proceedings of the ACM SIGPLAN International Workshop on Types in Languages Design and Implementation},
	series		= {TLDI},
	year		= 2003,
	location	= {New Orleans, Louisiana, USA},
	pages		= "1 - 12",
	numpages	= 12,
	publisher	= {ACM}
} 

@misc {
	multiprocessing_upc,
	
	title	= "{UPC Language Specifications}",
	author	= "{The UPC Consortium}",
	note	= "Standard 1.3",
	year	= 2013
}

@standard {
	multiprocessing_x10,
	
	title			= "{X10 Language Specification}",
	organization	= "IBM",
	number			= "2.2",
	year			= 2012,
	editor			= "Vijay Saraswat and Bard Bloom and Igor Peshansky and Olivier Tardieu and David Grove"
}

﻿@article {
	multiprocessing_parc,
	
	author		= "Yosi Ben-Aasher and Dror G. Feitelson and Larry Rudolph",
	title		= "{ParC - An Extension of C for Shared Memory Parallel Processing}",
	journal		= {Software: Practice and Experience},
	volume		= 26,
	number		= 5,
	publisher	= {John Wiley & Sons, Ltd.},
	pages		= "581 - 612",
	year		= 1996,
}

@phdthesis {
	multiprocessing_dpj,
	
	author	= "Robert L. Bocchino",
	title	= "{An Effect System and Language for Deterministic-by-Default Parallel Programming}",
	school	= "University of Illinois at Urbana-Champaign", 
	year	= 2010
}

@inproceedings {
	multiprocessing_upc_collectives,
	
	author		= "Guillermo L. Taboada and Carlos Teijeiro and Juan Tourino and Basilio B. Fraguela and Ram\'{o}n Doallo and Jos{\'e} Mourino Carlos and Dami\'{a}n A. Mallon and Andr{\'e}s Gomez",
	title		= "{Performance Evaluation of Unified Parallel C Collective Communications}",
	booktitle	= {Proceedings of the 2009 11th IEEE International Conference on High Performance Computing and Communications},
	series		= {HPCC '09},
	year		= 2009,
	pages		= "69 - 78",
	numpages	= 10,
	publisher	= {IEEE Computer Society},
	address		= {Washington, DC, USA},
} 

@article {
	multiprocessing_shim_early,

	author	= "Stephen A. Edwards and Olivier Tardieu", 
	journal	= {IEEE Transactions on Very Large Scale Integration (VLSI) Systems}, 
	title	= "{SHIM: A Deterministic Model for Heterogeneous Embedded Systems}", 
	year	= 2006, 
	month	= aug, 
	volume	= 14, 
	number	= 8, 
	pages	= "854 - 867"
}

@inproceedings {
	multiprocessing_shim,
	
	author		= "Stephen A. Edwards and Nalini Vasudevan and Olivier Tardieu",
	title		= "{Programming shared memory multiprocessors with deterministic message-passing concurrency: compiling SHIM to Pthreads}",
	booktitle	= {Proceedings of the Conference on Design, Automation and Test in Europe (DATE)},
	year		= 2008,
	pages		= "1498 - 1503",
	location	= {Munich, Germany},
	publisher	= {ACM}
}

@inproceedings {
	multiprocessing_shim_cell,
	
	author		= "Nalini Vasudevan and Stephen A. Edwards",
	title		= "{Celling SHIM: Compiling Deterministic Concurrency to a Heterogeneous Multicore}",
	booktitle	= {Proceedings of the ACM symposium on Applied Computing},
	series		= {SAC},
	year		= 2009,
	location	= {Honolulu, Hawaii},
	pages		= "1626 - 1631",
	numpages	= 6,
	publisher	= {ACM}
} 

@inproceedings {
	multiprocessing_shim_scheduling,
	
	author		= "Olivier Tardieu and Stephen A. Edwards",
	title		= "{Scheduling-Independent Threads and Exceptions in SHIM}",
	booktitle	= {Proceedings of the 6th ACM/IEEE International conference on Embedded software},
	series		= {EMSOFT},
	year		= 2006,
	location	= {Seoul, Korea},
	pages		= "142 - 151",
	numpages	= 10,
	publisher	= {ACM}
} 

@inproceedings {
	multiprocessing_lustre_futures,
	
	author		= "Albert Cohen and L{\'e}onard G{\'e}rard and Marc Pouzet",
	title		= "{Programming Parallelism with Futures in Lustre}",
	booktitle	= {Proceedings of the 10th ACM International Conference on Embedded Software},
	series		= {EMSOFT},
	year		= 2012,
	location	= {Tampere, Finland},
	pages		= "197 - 206",
	numpages	= 10,
	publisher	= {ACM}
}

@incollection {
	multiprocessing_sigmac,
	
	author		= "Thierry Goubier and Renaud Sirdey and Stephane Louise and Vincent David",
	title		= "{$\Sigma$C: A Programming Model and Language for Embedded Manycores}",
	year		= 2011,
	booktitle	= {Algorithms and Architectures for Parallel Processing},
	volume		= 7016,
	series		= {Lecture Notes in Computer Science},
	editor		= "Yang Xiang and Alfredo Cuzzocrea and Michael Hobbs and Wanlei Zhou",
	publisher	= {Springer Berlin Heidelberg},
	pages		= "385 - 394"
}

@book {
	multiprocessing_concurrent_c_book,

	title		= "{The Concurrent C Programming Language}",
	author		= {Gehani, N. and Roome, W.D. and AT \& T Bell Laboratories},
	isbn		= {9780929306001},
	year		= {1989},
	publisher	= {Silicon Press}
}

@article {
	multiprocessing_concurrent_c,
	
	author	= {N. H. Gehani and W. D. Roome},
	title	= "{Concurrent C}",
	journal	= "Software: Practice and Experience",
	year	= 1985,
	volume	= 16,
	pages	= "821 - 844"
}

@article {
	multiprocessing_concurrent_c_implementation,
	
	author		= {N. H. Gehani and W. D. Roome},
	title		= "{Implementing Concurrent C}",
	journal		= {Software: Practice and Experience},
	volume		= 22,
	number		= 3,
	publisher	= {John Wiley & Sons, Ltd.},
	pages		= "265 - 285",
	year		= 1992,
}

@inproceedings {
	BurckhardtL11,
	
	author		= "Sebastian Burckhardt and Daan Leijen",
	title		= "{Semantics of Concurrent Revisions}",
	booktitle	= {Proceedings of the 20th European Conference on Programming Languages and Systems: Part of the joint European conferences on theory and practice of software},
	series		= {ESOP/ETAPS},
	year		= 2011,
	location	= {Saarbrucken, Germany},
	pages		= "116 - 135",
	numpages	= 20,
	publisher	= {Springer-Verlag}
} 

@incollection {
	multiprocessing_forklight,
	
	title		= "{ForkLight: A Control-Synchronous Parallel Programming Language}",
	author		= "Christoph W. Kessler and Helmut Seidl",
	year		= 1999,
	booktitle	= {High-Performance Computing and Networking},
	volume		= 1593,
	series		= {Lecture Notes in Computer Science},
	editor		= "Peter Sloot and Marian Bubak and Alfons Hoekstra and Bob Hertzberger",
	publisher	= {Springer Berlin Heidelberg},
	pages		= "525 - 534"
}

@article{
	multiprocessing_fork,

	title		= "{The Fork95 Parallel Programming Language: Design, Implementation, Application}",
	author		= "Christoph W. Kessler and Helmut Seidl",
	year		= 1997,
	journal		= {International Journal of Parallel Programming},
	volume		= 25,
	issue		= 1,
	publisher	= {Springer US},
	pages		= "17 - 50",
}

@inproceedings {
	multiprocessing_dos,
	
	author		= "Tom Bergan and Nicholas Hunt and Luis Ceze and Steven D. Gribble",
	title		= "{Deterministic Process Groups in dOS}",
	booktitle	= {Proceedings of the 9th USENIX conference on Operating Systems Design and Implementation},
	series		= {OSDI},
	year		= 2010,
	location	= {Vancouver, BC, Canada},
	pages		= "1 - 16",
	numpages	= 16
} 

@inproceedings {
	multiprocessing_grace,
	
	author		= "Emery D. Berger and Ting Yang and Tongping Liu and Gene Novark",
	title		= "{Grace: Safe Multithreaded Programming for C/C++}",
	booktitle	= {Proceedings of the 24th ACM SIGPLAN Conference on Object Oriented Programming Systems Languages and Applications},
	series		= {OOPSLA},
	year		= 2009,
	location	= {Orlando, Florida, USA},
	pages		= "81 - 96",
	numpages	= 16
} 

@inproceedings {
	multiprocessing_kendo,
	
	author		= "Marek Olszewski and Jason Ansel and Saman Amarasinghe",
	title		= "{Kendo: Efficient Deterministic Multithreading in Software}",
	booktitle	= {Proceedings of the 14th International Conference on Architectural Support for Programming Languages and Operating Systems},
	series		= {ASPLOS},
	year		= 2009,
	location	= {Washington, DC, USA},
	pages		= "97 - 108",
	numpages	= 12,
	publisher	= {ACM}
} 

@inproceedings {
	multiprocessing_coredet,

	author		= "Tom Bergan and Owen Anderson and Joseph Devietti and Luis Ceze and Dan Grossman",
	title		= "{CoreDet: A Compiler and Runtime System for Deterministic Multithreaded Execution}",
	booktitle	= {Proceedings of the 15th ASPLOS on Architectural Support for Programming Languages and Operating Systems},
	series		= {ASPLOS},
	year		= 2010,
	location	= {Pittsburgh, Pennsylvania, USA},
	pages		= "53 - 64",
	numpages	= 12,
	publisher	= {ACM}
} 

@inproceedings {
	multiprocessing_dthreads,

	author		= "Tongping Liu and Charlie Curtsinger and Emery D. Berger",
	title		= "{Dthreads: Efficient Deterministic Multithreading}",
	booktitle	= {Proceedings of the Twenty-Third ACM Symposium on Operating Systems Principles},
	series		= {SOSP},
	year		= 2011,
	location	= {Cascais, Portugal},
	pages		= "327 - 336",
	numpages	= 10,
	publisher	= {ACM}
} 

@inproceedings {
	multiprocessing_domp,
	
	author		= "Amittai Aviram and Bryan Ford",
	title		= "{Deterministic OpenMP for Race-Free Parallelism}",
	booktitle	= {Proceedings of the 3rd USENIX conference on Hot topic in parallelism},
	series		= {HotPar},
	year		= 2011,
	location	= {Berkeley, CA},
	publisher	= {USENIX Association},
} 

@inproceedings {
	multiprocessing_detmp,
	
	author		= "Yu Zhang and Bryan Ford",
	title		= "{A Virtual Memory Foundation for Scalable Deterministic Parallelism}",
	booktitle	= {Proceedings of the Second Asia-Pacific Workshop on Systems},
	series		= {APSys},
	year		= 2011,
	location	= {Shanghai, China},
	numpages	= 5,
	publisher	= {ACM}
} 

@book {
	multiprocessing_funloft,
	
	author		= "Frederic Boussinot",
	title		= "{Safe Reactive Programming: The FunLoft Language}",
	publisher	= "LAP LAMBERT Academic Publishing",
	year		= 2010
}

@article {
	MalikSRG10,

	author		= "Avinash Malik and Zoran Salcic and Partha S. Roop and Alain Girault",
	title		= "{SystemJ: A GALS Language for System Level Design}",
	journal		= {Comput. Lang. Syst. Struct.},
	volume		= 36,
	number		= 4,
	month		= dec,
	year		= 2010,
	pages		= "317 - 344",
	numpages	= 28
} 


@unpublished {
	multiprocessing_fairthreads_semantics,
	
	author		= "Frederic Boussinot",
	title		= "{Operational Semantics of Cooperative Fair Threads}",
	note		= "Unpublished",
	year		= 2002
}

@unpublished {
	multiprocessing_fairthreads_c1,
	
	author		= "Frederic Boussinot",
	title		= "{Fair Threads in C}",
	note		= "Unpublished",
	year		= 2002
}

@article {
	multiprocessing_fairthreads_c,
	
	author		= "Fr{\'e}d{\'e}ric Boussinot",
	title		= "{FairThreads: mixing cooperative and preemptive threads in C}",
	journal		= {Concurr. Comput. : Pract. Exper.},
	volume		= 18,
	number		= 5,
	month		= apr,
	year		= 2006,
	pages		= "445 - 469",
	numpages	= 25,
	publisher	= {John Wiley and Sons Ltd.},
	address		= {Chichester, UK}
} 

@electronic {
	multiprocessing_lock_free_amd,

	title	= "{Lock-Free Programming on AMD Multi-Core Systems}",
	author	= "Steve Apik",
	day		= 5,
	month	= dec,
	year	= 2006,
	url		= "http://developer.amd.com/documentation/articles/pages/125200689.aspx",
}

@phdthesis {
	multiprocessing_lock_free_thesis,
	
	author	= "Yi Zhang",
	title	= "{Non-blocking Synchronization: Algorithms and Performance Evaluation}",
	school	= "Chalmers University of Technology",
	year	= 2003,
} 

@article {
	multiprocessor_fast_thread_migration,
	
	author		= "Richard Strong and Jayaram Mudigonda and Jeffrey C. Mogul and Nathan Binkert and Dean Tullsen",
	title		= "{Fast Switching of Threads Between Cores}",
	journal		= {SIGOPS Oper. Syst. Rev.},
	volume		= 43,
	issue		= 2,
	month		= apr,
	year		= 2009,
	pages		= "35 - 45",
	numpages	= 11,
	publisher	= {ACM},
	address		= {New York, NY, USA}
} 


# # # # # # #
# Parallel Programming Patterns
# # # # # # #

@book {
	MattsonSM04,
	
	author		= "Timothy Mattson and Beverly Sanders and Berna Massingill",
	title		= "{Patterns for Parallel Programming}",
	month		= sep,
	year		= 2004,
	isbn		= "0321228111",
	pages		= 384,
	publisher	= {Addison-Wesley Professional}
}

@book {
	Ortega10,
	
	author		= "Jorge Luis Ortega-Arjona",
	title		= "{Patterns for Parallel Software Design}",
	month		= jan,
	year		= 2010,
	isbn		= "978-0-470-69734-4",
	pages		= 438,
	publisher	= {John Wiley}
}

@book {
	McCoolRR12,

	author		= "Michael McCool and Arch D. Robison and James Reinders",
	title		= "{Structured Parallel Programming}",
	publisher	= "Morgan Kaufmann",
	month		= jun,
	year		= "2012",
	pages		= 432,
	isbn		= "978-0-12-415993-8"
}

@inproceedings {
	KeutzerMMS10,

	author		= "Kurt Keutzer and Berna L. Massingill and Timothy G. Mattson and Beverly A. Sanders",
	title		= "{A Design Pattern Language for Engineering (Parallel) Software: Merging the PLPP and OPL Projects}",
	booktitle	= {Proceedings of the Workshop on Parallel Programming Patterns},
	series		= {ParaPLoP},
	year		= 2010,
	location	= {Carefree, Arizona},
	pages		= "1 - 8",
	numpages	= 8
} 

@inproceedings {
	McCool10,

	author		= "Michael D. McCool",
	title		= "{Structured Parallel Programming with Deterministic Patterns}",
	booktitle	= {Proceedings of the 2nd USENIX Conference on Hot Topics in Parallelism},
	series		= {HotPar},
	year		= 2010,
	location	= {Berkeley, CA},
	publisher	= {USENIX Association}
}

@incollection {
	SussL06,

	author		= "Michael S{\"u}{\ss} and Claudia Leopold",
	title		= "{Implementing Irregular Parallel Algorithms with OpenMP}",
	booktitle	= {Euro-Par 2006 Parallel Processing},
	volume		= 4128,
	series		= {Lecture Notes in Computer Science},
	editor		= "Wolfgang E. Nagel and Wolfgang V. Walter and Wolfgang Lehner",
	publisher	= {Springer Berlin Heidelberg},
	pages		= "635 - 644",
	year		= 2006
}


# # # # # # #
# Interrupt
# # # # # # #

@book {
	interrupt_linux,
	
	author		= "Jonathan Corbet and Alessandro Rubini and Greg Kroah-Hartman",
	title		= "{Linux Device Drivers}",
	edition		= "Third",
	publisher	= "O'Reilly",
	address		= "1005 Gravenstein Highway North, Sebastopol, CA95472",
	year		= 2005,
	url			= "http://lwn.net/images/pdf/LDD3/",
}

@electronic {
	interrupt_mac_sample,

	author	= "{Apple}",
	title	= "{Porting Drivers to Mac OS X: Driver Porting Basics}",
	url		= "http://developer.apple.com/documentation/Porting/Conceptual/ PortingDrivers/unix-model/unix-model.html\#//apple\_ref/doc/uid/ TP30001169-CH205-TPXREF105",
	day		= 3,
	month	= apr,
	year	= 2009,
}

@electronic {
	interrupt_mac_sequence,

	author	= "{Apple}",
	title	= "{Kernel Programming Guide: Performance Considerations}",
	url		= "http://developer.apple.com/documentation/Darwin/Conceptual/Kernel Programming/performance/performance.html\#//apple\_ref/doc/uid/ TP30000905-CH207-DontLinkElementID\_463",
	day		= 3,
	month	= apr,
	year	= 2009,
}

@misc {
	multiprocessor_microsoft_interrupt,

	title			= "{Interrupt Architecture Enhancements in Microsoft Windows Vista}",
	howpublished	= "White Paper",
	organization	= "Microsoft Corporation",
	year			= 2004,
	url				= "http://download.download.microsoft.com/download/5/7/7/577a5684-8a83-43ae-9272-ff260a9c20e2/MSI.doc",
}


# # # # # # #
# Streaming
# # # # # # #

@article {
	streaming_sql,
	
	author		= "Namit Jain and Shailendra Mishra and Anand Srinivasan and Johannes Gehrke and Jennifer Widom and Hari Balakrishnan  and U\v{g}ur \c{C}etintemel and Mitch Cherniack and Richard Tibbetts and Stan Zdonik",
	title 		= "{Towards a Streaming SQL Standard}",
	journal 	= "Proc. VLDB Endow.",
	volume		= 1,
	number		= 2,
	year		= 2008,
	pages		= "1379--1390",
	doi			= "http://doi.acm.org/10.1145/1454159.1454179",
	publisher	= "VLDB Endowment",
 }

@electronic {
	streaming_streambase,

	author	= "{StreamBase Systems Inc.}",
	title	= "{StreamSQL Guide}",
	url		= "http://streambase.com/developers/docs/latest/streamsql/index.html",
	day		= 3,
	month	= apr,
	year	= 2009,
}

@electronic {
	streaming_oracle,

	author	= "{Oracle Corporation}",
	title	= "{Oracle Complex Event Processing}",
	url		= "http://www.oracle.com/technology/products/event-driven-architecture/complex-event-processing.html",
	day		= 3,
	month	= apr,
	year	= 2009
}

@unpublished {
	streaming_neil_talk,
	
	author	= "Neil Conway",
	title	= "{Introduction to Data Stream Query Processing (talk)}",
	day		= 24,
	month	= may,
	year	= 2007,
	note	= "Talk (Truviso, Inc.)",
	url		= "http://neilconway.org/"
}

@inproceedings {
	streaming_att_talk,
 
	title		= "{Data stream query processing}", 
	author		= "Nick Koudas and Divesh Srivastava", 
	booktitle	= "Data Engineering, 2005. ICDE 2005. Proceedings. 21st International Conference on", 
	year		= 2005, 
	month		= apr, 
	pages		= "1145-", 
	doi			= "10.1109/ICDE.2005.43", 
	ISSN		= "1084-4627",
	url			= "http://www.research.att.com/~divesh/papers/ks2005-streamqp-tutorial-talk.pdf",
	notes		= "Talk PDF"
}

@techreport {
	streaming_cql,

	number		= "2003-67",
	author		= "Arvind Arasu and Shivnath Babu and Jennifer Widom",
	title		= "{The CQL Continuous Query Language: Semantic Foundations and Query Execution}",
	type		= "Technical Report",
	publisher	= "Stanford",
	institution	= "Stanford InfoLab",
	year		= 2003
}

@inproceedings {
	streaming_openmp_extension,

	author		= "Antoniu Pop and Albert Cohen",
	title		= "{A Stream-Computing Extension to OpenMP}",
	booktitle	= {Proceedings of the 6th International Conference on High Performance and Embedded Architectures and Compilers},
	series		= {HiPEAC},
	year		= 2011,
	location	= {Heraklion, Greece},
	pages		= "5 - 14",
	numpages	= 10,
	publisher	= {ACM}
} 

@article{
	PopC13,

	author		= "Antoniu Pop and Albert Cohen",
	title		= "{OpenStream: Expressiveness and Data-flow Compilation of OpenMP Streaming Programs}",
	journal		= {ACM Trans. Archit. Code Optim.},
	volume		= 9,
	number		= 4,
	month		= jan,
	year		= 2013,
	pages		= "1 - 25",
	numpages	= 25,
	publisher	= {ACM},
	address		= {New York, NY, USA}
} 


# # # # # # # # # # # # # # #
# Information accommodation
# # # # # # # # # # # # # # #

@electronic {
	information_accommodation_oim,

	author	= "Eric Carter",
	title	= "{OIM (Object-Interaction Model) Overview}",
	url		= "http://osm7.cs.byu.edu/eric/oim.html",
	day		= 3,
	month	= apr,
	year	= 2009
}

@inproceedings {
	information_accommodation_laws, 
	
	title		= "{Automatic discovery of scientific laws in observed data by asynchronous parallel evolutionary algorithm}", 
	author		= "Yan Li and Zhuo Kang and Lishan Kang and Hongqing Cao and Pu Liu", 
	booktitle	= "Computational Intelligence and Multimedia Applications, 2001. ICCIMA 2001. Proceedings. Fourth International Conference on", 
	year		= 2001, 
	pages		= "180-184"
}

@inproceedings{
	information_accommodation_heterogeneity,
	
	author		= "Christopher Scaffidi and Mary Shaw",
	title		= "{Accommodating data heterogeneity in ULS systems}",
	booktitle	= "ULSSIS '08: Proceedings of the 2nd international workshop on Ultra-large-scale software-intensive systems",
	year		= 2008,
	pages		= "15--18",
	location	= "Leipzig, Germany",
	publisher	= "ACM",
	address		= "New York, NY, USA"
 }


@phdthesis {
	information_accommodation_latent,

	author		= "Ricardo Silva",
	title		= "{Automatic discovery of latent variable models}",
	year		= 2005,
	isbn		= "0-542-29631-4",
	order_no	= "AAI3186040",
	publisher	= "Carnegie Mellon University",
	school		= "Carnegie Mellon University",
	address		= "Pittsburgh, PA, USA"
}

@manual {
	information_accommodation_bom,
	
	author		= "{SISO Base Object Model Product Development Group}",
	title		= "{Guide for Base Object Model (BOM) Use and Implementation}",
	address		= "P.O. Box 781238, Orlando, FL 32878-1238, USA",
	edition		= "003.1-2006",
	day			= 31,
	month		= mar,
	year		= 2006,
}


# # # # # # # # # # # # # #
# Programming languages
# # # # # # # # # # # # # #

@misc {
	programming_languages_c99,
	
	title	= "{ISO/IEC 9899:1999}",
	author	= "{ISO/IEC JTC1/SC22/WG14}",
	year	= 2007
}

@misc {
	programming_languages_c11,
	
	title	= "{ISO/IEC 9899:2011}",
	author	= "{ISO/IEC JTC1/SC22/WG14}",
	year	= 2011
}

@article {
	programming_languages_clight,

    title		= "{Mechanized Semantics for the Clight Subset of the C Language}",
    author		= "Sandrine Blazy and Xavier Leroy",
    affiliation	= {INRIA Rocquencourt - INRIA Rocquencourt , Centre d'Etude et De Recherche en Informatique du Cnam - CEDRIC , GALLIUM - INRIA Rocquencourt},
    publisher	= {Springer},
    pages		= "263 - 288",
    journal		= {Journal of Automated Reasoning},
    volume		= 43,
    number		= 3,
    year		= 2009
}

@incollection {
	BlazyDL06,
	
	title		= "{Formal Verification of a C Compiler Front-End}",
	author		= "Sandrine Blazy and Zaynah Dargaye and Xavier Leroy",
	year		= 2006,
	booktitle	= {Formal Methods (FM)},
	volume		= 4085,
	series		= {Lecture Notes in Computer Science},
	editor		= "Jayadev Misra and Tobias Nipkow and Emil Sekerinski",
	publisher	= {Springer Berlin Heidelberg},
	pages		= "460 - 475"
}

@book {
	BertotC04,

	author		= "Yves Bertot and Pierre Casteran",
	title		= "{Interactive Theorem Proving and Program Development. Coq'Art: The Calculus of Inductive Constructions}",
	series		= "Texts in Theoretical Computer Science. An EATCS Series",
	publisher	= {Springer Berlin Heidelberg},
	year		= 2004,
	pages		= 469,
	isbn		= {3-540-20854-2}
}

@inproceedings {
	programming_languages_cholera,
	
	author		= "Michael Norrish",
	title		= "{Deterministic Expressions in C}",
	booktitle	= {Proceedings of the 8th European Symposium on Programming Languages and Systems},
	series		= {ESOP},
	year		= 1999,
	pages		= "147 - 161",
	numpages	= 15,
	publisher	= {Springer-Verlag}
} 

@inproceedings {
	programming_languages_cyclone,
	
	author		= "Trevor Jim and J. Greg Morrisett and Dan Grossman and Michael W. Hicks and James Cheney and Yanling Wang",
	title		= "{Cyclone: A Safe Dialect of C}",
	booktitle	= {Proceedings of the General Track of the Annual Conference on USENIX Annual Technical Conference},
	series		= {ATEC},
	year		= 2002,
	pages		= "275 - 288",
	numpages	= 14,
	publisher	= {USENIX Association}
} 



# # # # # # # # # # # # # #
# Compiling
# # # # # # # # # # # # # #

@inproceedings {
	compiling_superscalar_glass,
	
	title		= "{Compile-time instruction scheduling for superscalar processors}",
	author		= "David N. Glass",
	booktitle	= "Compcon Spring '90. Intellectual Leverage. Digest of Papers. Thirty-Fifth IEEE Computer Society International Conference.",
	year		= 1990,
	month		= feb,
	day			= 2,
	pages		= "630 - 633",
	doi			= {10.1109/CMPCON.1990.63752},
}

@inproceedings {
	compiler_superscalar_lam,
	
	title		= "{Instruction Scheduling for Superscalar Architectures}",
	author		= "Monica S. Lam",
	booktitle	= "Annual Review of Computer Science",
	year		= 1990,
	month		= jun,
	volume		= 4,
	pages		= "173 - 201",
}


# # # # # # # # # # # # # #
# Benchmarks
# # # # # # # # # # # # # #

@article {
	FlemingW86,

	author		= "Philip J. Fleming and John J. Wallace",
	title		= "{How Not to Lie with Statistics: The Correct Way to Summarize Benchmark Results}",
	journal		= {Commun. ACM},
	volume		= 29,
	number		= 3,
	month		= mar,
	year		= 1986,
	pages		= "218 - 221",
	numpages	= 4,
	publisher	= {ACM},
	address		= {New York, NY, USA}
} 

@article {
	Smith88,
	
	author		= "James E. Smith",
	title		= "{Characterizing Computer Performance with a Single Number}",
	journal		= {Commun. ACM},
	volume		= 31,
	number		= 10,
	month		= oct,
	year		= 1988,
	pages		= "1202 - 1206",
	numpages	= 5,
	publisher	= {ACM},
	address		= {New York, NY, USA}
}

@misc {
	microblaze,
	
	author	= "{Xilinx}",
	title	= "{MicroBlaze Processor Reference Guide}",
	year	= 2012,
	note	= "[Online] http://www.xilinx.com/support/documentation/sw\_manuals/xilinx13\_4/mb\_ref\_guide.pdf"
}

@misc {
	mb_simulator,
	
	author	= "Jack Whitham",
	title	= "{Scratchpad Memory Management Unit}",
	year	= 2012,
	note	= "[Online] http://www.jwhitham.org/c/smmu.html"
}

@misc {
	valgrind_massif,
	
	title	= "{Valgrind: Tool Suite}",
	author	= "{Valgrind Developers}",
	year	= 2012,
	note	= "[Online] http://valgrind.org/info/tools.html\#massif"
}

@misc {
	vtune,

	author	= "{Intel}",
	title	= "{Intel\textregistered{} VTune\texttrademark{} Amplifier}",
	year	= 2014,
	note	= "[Online] https://software.intel.com/en-us/intel-vtune-amplifier-xe"
}

@inproceedings {
	benchmark_papabench,
	
	author		= "Fadia Nemer and Hugues Cass{\'e} and Pascal Sainrat and Jean-Paul Bahsoun and Marianne De Michiel",
	title		= "{PapaBench: A Free Real-Time Benchmark}",
	booktitle	= {6th Intl. Workshop on Worst-Case Execution Time (WCET) Analysis},
	year		= 2006
}

@misc {
	benchmark_gnu_radio,

	author	= "{GNU}",
	title	= "{GNU Radio}",
	year	= 2013,
	note	= "[Online] http://gnuradio.org"
}

@article {
	Gardner70,
	
	author		= "Martin Gardner",
	title		= "{Mathematical Games: The Fantastic Combinations of John Conway's new Solitaire Game ``Life''}", 
	journal		= {Scientific American},
	pages		= "120 - 123",
	month		= oct,
	year		= 1970
}

@electronic {
	benchmark_game_of_life,

	author	= "{Shodor}",
	title	= "{Parallel Programming Examples using MPI}",
	url		= "http://www.shodor.org/refdesk/Resources/Tutorials/MPIExamples/"
}

@electronic {
	benchmark_mandelbrot,

	author	= "{Lockless Inc}",
	title	= "{The Mandelbrot Set}",
	url		= "http://locklessinc.com/articles/mandelbrot/"
}

@article {
	benchmark_lzss,
	
	author		= "James A. Storer and Thomas G. Szymanski",
	title		= "{Data Compression via Textual Substitution}",
	journal		= {J. ACM},
	volume		= 29,
	number		= 4,
	month		= oct,
	year		= 1982,
	pages		= "928 - 951",
	numpages	= 24,
	publisher	= {ACM},
	address		= {New York, NY, USA}
}

@inproceedings {
	AvellarTLITP13, 

	author		= "Gustavo S. C. Avellar and Goncalo D. Thums and Rogerio Lima and Paulo Iscold and Leonardo A. B. Torres and Guilherme A. S. Pereira", 
	title		= "{On the Development of a Small Hand-Held Multi-UAV Platform for Surveillance and Monitoring}", 
	booktitle	= {International Conference on Unmanned Aircraft Systems (ICUAS)}, 
	year		= 2013, 
	pages		= "405 - 412"
}

@electronic {
	benchmark_nas,
	
	title	= "{NAS Parallel Benchmarks}",
	author	= "{NASA}",
	day		= 24,
	month	= jun,
	year	= 2011,
	url		= "http://www.nas.nasa.gov/Resources/Software/npb.html"
}

@electronic {
	benchmark_epcc,
	
	title	= "{EPCC OpenMP Benchmarks}",
	author	= "{EPCC}",
	day		= 24,
	month	= jun,
	year	= 2011,
	url		= "http://www.epcc.ed.ac.uk/software-products/epcc-openmp-benchmarks"
}

@inproceedings {
	benchmark_openmp_evaluation_1,
	
	author		= "Matthew Curtis-Maury and Xiaoning Ding and Christos D. Antonopoulos and Dimitrios S. Nikolopoulos",
	title		= "{An Evaluation of OpenMP on Current and Emerging Multithreaded/Multicore Processors}",
	booktitle	= {Proceedings of the 2005 and 2006 international conference on OpenMP shared memory parallel programming},
	series		= {IWOMP'05/IWOMP'06},
	year		= 2008,
	location	= {Eugene, OR, USA},
	pages		= "133 - 144",
	numpages	= 12,
	publisher	= {Springer-Verlag},
	address		= {Berlin, Heidelberg}
} 

@inproceedings {
	benchmark_openmp_evaluation_2,
	
	author		= "Ami Marowka",
	title		= "{Performance of OpenMP Benchmarks on Multicore Processors}",
	booktitle	= {Proceedings of the 8th international conference on Algorithms and Architectures for Parallel Processing},
	series		= {ICA3PP '08},
	year		= 2008,
	location	= {Agia Napa, Cyprus},
	pages		= "208 - 219",
	numpages	= 12,
	publisher	= {Springer-Verlag},
	address		= {Berlin, Heidelberg}
} 

@article{
	benchmark_parallel_libraries_overheads,
	
	author		= "Abhishek Bhattacharjee and Gilberto Contreras and Margaret Martonosi",
	title		= "{Parallelization Libraries: Characterizing and Reducing Overheads}",
	journal		= {ACM Trans. Archit. Code Optim.},
	issue_date	= {April 2011},
	volume		= 8,
	number		= 1,
	month		= feb,
	year		= 2011,
	pages		= "5:1 - 5:29",
	articleno	= 5,
	numpages	= 29,
	publisher	= {ACM},
	address		= {New York, NY, USA}
} 
