# # # # # # # # # # # # # # # # # # # # # # # #
# Hardware synthesis from high level languages
# # # # # # # # # # # # # # # # # # # # # # # #

@inproceedings {
	hardware_synthesis_challenges,
	
	title		= {The challenges of hardware synthesis from C-like languages},
	author		= "Stephen A. Edwards",
	booktitle	= {Design, Automation and Test in Europe, 2005. Proceedings},
	year		= 2005,
	month		= mar,
	pages		= {66 - 67 Vol. 1},
	doi			= {10.1109/DATE.2005.307},
}

@electronic {
	hardware_synthesis_c_to_verilog,
	
	title	= "{C to Verilog}",
	author	= "{C-to-Verilog}",
	day		= 2,
	month	= aug,
	year	= 2009,
	url		= "http://www.c-to-verilog.com/",
}

@electronic {
	software_synthesis_real_time_workshop,
	
	title	= "{Real-Time Workshop\textregistered 7}",
	author	= "{The MathWorks, Inc.}",
	day		= 7,
	month	= aug,
	year	= 2009,
	url		= "http://www.mathworks.com/products/rtw/",

}


# # # # # # # # # # # #
# Reactive processors
# # # # # # # # # # # #

@electronic {
	reactive_processors_partha_roop,

	author	= "Partha S. Roop",
	title	= "{Reactive Processors}",
	url		= "http://www.ece.auckland.ac.nz/~roop/ReactiveProcessors.php",
	day		= 3,
	month	= apr,
	year	= 2009,
}

@incollection {
	SalcicBB02,

	author		= "Zoran Salcic and Morteza Biglari-Abhari and Abbas Bigdeli",
	title		= "{REFLIX: A Processor Core for Reactive Embedded Applications}",
	booktitle	= {Field-Programmable Logic and Applications: Reconfigurable Computing Is Going Mainstream},
	volume		= 2438,
	series		= {Lecture Notes in Computer Science},
	editor		= "Manfred Glesner and Peter Zipf and Michel Renovell",
	publisher	= {Springer Berlin Heidelberg},
	pages		= "945 - 954",
	year		= 2002
}

@inproceedings {
	NadeemBS11, 

	author		= "Muhammad Nadeem and Morteza Biglari-Abhari and Zoran Salcic", 
	title		= "{RJOP - A Customized Java Processor for Reactive Embedded Systems}", 
	booktitle	= {48th ACM/EDAC/IEEE Design Automation Conference (DAC)}, 
	year		= 2011, 
	month		= jun, 
	pages		= "1038 - 1043"
}

@article {
	SalcicM13,

	author		= "Zoran Salcic and Avinash Malik",
	title		= "{GALS-HMP: A Heterogeneous Multiprocessor for Embedded Applications}",
	journal		= {ACM Trans. Embed. Comput. Syst.},
	volume		= 12,
	number		= "1s",
	month		= mar,
	year		= 2013,
	pages		= "1 - 26",
	articleno	= 58,
	numpages	= 26,
	publisher	= {ACM}
} 

@electronic {
	reactive_processors_kiel,

	author	= "{Christian-Albrechts University of Kiel}",
	title	= "{Kiel Esterel Processor}",
	url		= "http://www.informatik.uni-kiel.de/en/rtsys/kep/",
	day		= 3,
	month	= apr,
	year	= 2009,
}

@phdthesis {
	reactive_processors_kep,
	
	author	= "Xin Li",
	title	= "{The Kiel Esterel Processor: A Multi-Threaded Reactive Processor}",
	school	= "Christian-Albrechts University of Kiel",
	month	= jul,
	year	= 2007,
	url		= "http://rtsys.informatik.uni-kiel.de/~biblio/downloads/theses/xli-diss.pdf",
}

@article {
	LiH12, 
	
	author	= "Xin Li and Reinhard von Hanxleden", 
	journal	= {IEEE Transactions on Computers}, 
	title	= "{Multithreaded Reactive Programming - the Kiel Esterel Processor}", 
	year	= 2012, 
	month	= mar, 
	volume	= 61, 
	number	= 3, 
	pages	= "337 - 349"
}

@misc {
	reactive_processors_krep,

	author			= "Claus Traulsen and Michael Mendler and Reinhard von Hanxleden",
	title			= "{The Kiel Lustre Processor/WCRT Interface Algebra}",
	howpublished	= {Presentation at the 15th International Open Workshop on Synchronous Programming (SYNCHRON'08), Aussois, France},
	month			= dec,
	year			= 2008,
	url 			= "http://rtsys.informatik.uni-kiel.de/~biblio/downloads/talks/synchron08-talk.pdf",
}

@article {
	YuanAYRS09,

	author		= "Simon Yuan and Sidharta Andalam and Li Hsien Yoong and Partha S. Roop and Zoran Salcic",
	title		= "{STARPro - A New Multithreaded Direct Execution Platform for Esterel}",
	journal		= {Electron. Notes Theor. Comput. Sci.},
	volume		= 238,
	number		= 1,
	month		= jun,
	year		= 2009,
	pages		= "37 - 55",
	numpages	= 19,
	publisher	= {Elsevier Science Publishers B. V.},
	address		= {Amsterdam, The Netherlands, The Netherlands}
}

@inproceedings {
	DayaratneRS06,
	
	author		= "M. W. Sajeewa Dayaratne and Partha S. Roop and Zoran Salcic",
	title		= "{Direct Execution of Esterel Using Reactive Microprocessors}",
	booktitle	= {International Workshop on Synchronous Languages, Applications, and Programming (SLAP)},
	year		= 2006,
	month		= mar,
	address		= "Vienna" 
}

@article {
	SalcicHRB06,
	
	author	= "Zoran A. Salcic and Dong Hui and Partha S. Roop and Morteza Biglari-Abhari",
	title	= "{HiDRA - A Reactive Multiprocessor Architecture for Heterogeneous Embedded Systems}",
	journal	= {Microprocessors and Microsystems},
	volume	= 30,
	number	= 2,
	year	= 2006,
	pages	= "72 - 85",
}

# # # # # # # # # # # # #
# Predictable processors
# # # # # # # # # # # # #

@electronic {
	pret_chess,

	author	= "{Center for Hybrid and Embedded Software Systems}",
	title	= "{Precision Timed (PRET) Machines}",
	url		= "http://chess.eecs.berkeley.edu/pret/",
	day		= 3,
	month	= apr,
	year	= 2009,
}

@inproceedings {
	BromanZKKCSEL,

	title		= "{Precision Timed Infrastructure: Design Challenges}",
	author		= "David Broman and Michael Zimmer and Yooseong Kim and Hokeun Kim and Jian Cai and Aviral Shrivastava and Stephen A. Edwards and Edward A. Lee",
	booktitle	= {Proceedings of the Electronic System Level Synthesis Conference (ESLsyn)}, 
	month		= may,
	year		= 2013
}

@phdthesis {
	pret_ptarm,
	
    author	= "Isaac Liu",
    title	= "{Precision Timed Machines}",
    school	= {EECS Department, University of California, Berkeley},
    year	= 2012,
    month	= may,
    number	= {UCB/EECS-2012-113}
}

@inproceedings {
	LiuRBZL12,

	author		= "Isaac Liu and Jan Reineke and David Broman and Michael Zimmer and Edward A. Lee",
	title		= "{A PRET Microarchitecture Implementation with Repeatable Timing and Competitive Performance}",
	booktitle	= {Proceedings of the 30th IEEE International Conference on Computer Design (ICCD)},
	pages		= "87 - 93",
	year		= 2012
}

@inproceedings {
	pret_ptarm_1d_fluid,
	
    author		= "Isaac Liu and Edward A. Lee and Matthew Viele and Guoqiang Gerald Wang and Hugo Andrade",
    title		= "{A Heterogeneous Architecture for Evaluating Real-Time One-Dimensional Computational Fluid Dynamics on FPGAs}",
    booktitle	= {IEEE International Symposium on Field-Programmable Custom Computing Machines (FCCM), Toronto, Canada},
    day			= 29,
    month		= apr,
    year		= 2012
}

@inproceedings {
	pret_pret,
	
	author		= "Stephen A. Edwards and Edward A. Lee",
	title		= "{The Case for the Precision Timed (PRET) Machine}",
	booktitle	= {Proceedings of the 44th Annual Design Automation Conference (DAC)},
	year		= 2007,
	pages		= "264 - 265",
	location	= {San Diego, California},
	publisher	= "ACM"
}

@techreport {
	pret_ptarm_otawa,
	
	title		= "{Timing Analysis for the PTARM Processor}",
	author		= "Subarno Banerjee",
	type		= "Research Report",
	institution	= {Christian-Albrechts-Universitat zu Kiel},
	number		= "1212",
	year		= 2012,
	month		= sep
}

@inproceedings {
	ZimmerBSL14,

	author		= "Michael Zimmer and David Broman and Chris Shaver and Edward A. Lee",
	title		= "{FlexPRET: A Processor Platform for Mixed-Criticality Systems}",
	booktitle	= {Proceedings of the 20th IEEE Real-Time and Embedded Technology and Application Symposium (RTAS)},
	month		= apr,
	year		= 2014
}

@inproceedings{
	PrakashP13,
	 
	author		= "Aayush Prakash and Hiren D. Patel", 
	title		= "{An Instruction Scratchpad Memory Allocation for the Precision Timed Architecture}", 
	booktitle	= {Design, Automation Test in Europe Conference Exhibition (DATE)}, 
	year		= 2012, 
	pages		= "659 - 664"
}

@article {
	PrakashP13a, 

	author	= "Aayush Prakash and Hiren D. Patel", 
	title	= "{An Instruction Scratchpad Memory Allocation for the Precision Timed Architecture}", 
	journal	= {IEEE Transactions on Computer-Aided Design of Integrated Circuits and Systems}, 
	year	= 2013, 
	volume	= 32, 
	number	= 11, 
	pages	= "1819 - 1823"
}

@inproceedings {
	pret_macs,

	author		= "Bryce Cogswell and Zary Segall",
	title		= "{MACS: a predictable architecture for real time systems}",
	booktitle	= {Proceedings of the 12th Real-Time Systems Symposium},
	year		= 1991,
	month		= dec,
	pages		= "296 - 305"
}

@mastersthesis {
	pret_macs_thesis,

	author		= "Bryce Cogswell",
	title		= "{MACS: A Cacheless Architecture for Real Time Systems}",
	publisher	= "Carnegie Mellon",
	school		= "Carnegie Mellon",
	year		= 1990,
}

@inproceedings {
	AndalamRG10, 

	author		= "Sidharta Andalam and Partha S. Roop and Alain Girault", 
	title		= "{Predictable Multithreading of Embedded Applications Using PRET-C}", 
	booktitle	= {8th IEEE/ACM International Conference on Formal Methods and Models for Codesign (MEMOCODE)}, 
	year		= 2010, 
	month		= jul, 
	pages		= "159 - 168"
}

@article {
	pret_pretc,

	author	= "Sidharta Andalam and Partha S. Roop and Alain Girault and Claus Traulsen",
	title	= "{Predictable Framework for Safety-Critical Embedded Systems}",
	journal	= "IEEE Transactions on Computers",
	volume	= 63,
	number	= 7,
	pages	= "1600 - 1612",
	month	= jul,
	year	= 2014
}

@techreport{
	semantics_sos,

	author		= "Gordon D. Plotkin",
	title		= "{A Structural Approach to Operational Semantics}",
	institution	= "{Aarhus University, Computer Science Department}",
	number		= "DAIMI FN-19",
	year		= 1981
}

@inproceedings {
	pret_programming,

	author		= "Ben Lickly and Isaac Liu and Sungjun Kim and Hiren D. Patel and Stephen A. Edwards and Edward A. Lee",
	title		= "{Predictable programming on a precision timed architecture}",
	booktitle	= {Proceedings of the International Conference on Compilers, Architectures and Synthesis for Embedded Systems (CASES)},
	year		= 2008,
	pages		= "137 - 146",
	location	= "Atlanta, GA, USA",
	publisher	= "ACM"
}

@inproceedings {
	pret_repeatable_timing,

    author			= "Stephen A. Edwards and Sungjun Kim and Edward A. Lee and Isaac Liu and Hiren D. Patel and Martin Schoeberl",
    title			= "{A Disruptive Computer Design Idea: Architectures with Repeatable Timing}",
    booktitle		= {Proceedings of IEEE International Conference on Computer Design (ICCD)},
    organization	= {IEEE},
    day				= 4,
    month			= oct,
    year			= 2009,
    location		= {Lake Tahoe, CA}
}

@inproceedings {
	pret_repeatable_timing_workshop,
	
	author		= "Stephen A. Edwards and Sungjun Kim and Edward A. Lee and Hiren D. Patel and and Martin Schoeberl",
	title		= "{Reconciling repeatable timing with pipelining and memory hierarchy}",
	booktitle	= {Proceedings of the Workshop on Reconciling Performance with Predictability (RePP)},
	day			= 15,
	month		= oct,
	year		= 2009,
	note		= {Grenoble, France},
}

@inproceedings {
	pret_cache,
	
	author		= "Martin Schoeberl",
	title		= "{Time-predictable Cache Organization}",
	booktitle	= {Future Dependable Distributed Systems, Software Technologies for},
	year		= 2009,
	pages		= "11 - 16",
	publisher	= "IEEE Computer Society",
	location	= "Tokyo, Japan"
}

@article {
	pret_java_architecture,

	author		= "Martin Schoeberl",
	title		= "{Time-Predictable Computer Architecture}",
	journal		= {EURASIP Journal on Embedded Systems},
	volume		= {2009, Article ID 758480},
	year		= 2009,
}

@inproceedings {
	pret_jop_cmp_memory,
	
	author		= "Martin Schoeberl and Peter Puschner",
	title		= "{Is Chip-Multiprocessing the End of Real-Time Scheduling?}",
	booktitle	= {Proceedings of the 9th International Workshop on Worst-Case Execution Time (WCET) Analysis},
	year		= 2009,
	address		= {Dublin, Ireland},
	month		= jul,
	publisher	= {OCG},
	url			= {http://www.jopdesign.com/doc/cmp\_wcet2009.pdf}
}

@phdthesis {
	pret_jop_cmp,

	author	= "Christof Pitter",
	title	= "{Time-Predictable {Java} Chip-Multiprocessor}",
	school	= {Vienna University of Technology},
	year	= 2009,
	address	= {Austria},
	url		= {http://www.vmars.tuwien.ac.at/php/pserver/extern/download.php?fileid =1659}
}

@article {
	pret_jop_cmp_tecs,
	
	author		= "Christof Pitter and Martin Schoeberl",
	title		= "{A Real-Time Java Chip-Multiprocessor}",
	journal		= {Trans. on Embedded Computing Sys.},
	publisher	= {ACM},
	year		= 2010,
	volume		= {accepted for publication},
	url			= {http://www.jopdesign.com/doc/jopcmp\_tecs.pdf}
}

@techreport {
	pret_jop_deadline,

    author		= "Martin Schoeberl and Hiren D. Patel and Edward A. Lee",
    title		= {Fun with a Deadline Instruction},
    institution	= {EECS Department, University of California, Berkeley},
    year		= 2009,
    month		= "oct",
    url			= {http://www.eecs.berkeley.edu/Pubs/TechRpts/2009/EECS-2009-149.html},
    number		= {UCB/EECS-2009-149},
}

@article {
	pret_jop_cyclic_executive,
	
	author	= "Anders P. Ravn and Martin Schoeberl",
	title	= "{Safety-Critical Java with Cyclic Executives on Chip-Multiprocessors}",
	journal	= {Concurrency and Computation: Practice and Experience},
	year	= 2011,
	url		= "http://www.jopdesign.com/doc/scj0cmp.pdf"
}

@article {
	pret_jop_interactive_wcet,
	
	author	= "Trevor Harmon and Martin Schoeberl and Raimund Kirner and Raymond Klefstad and Kwang-Hae (Kane) Kim and Michael R. Lowry",
	title	= "{Fast, Interactive Worst-Case Execution Time Analysis With Back-Annotation}",
	journal	= "IEEE Trans. Industrial Informatics",
	pages	= "366 - 377",
	year	= 2012,
}

@inproceedings {
	pret_jop_cmp_scalability,

	author		= "Wolfgang Puffitsch and Martin Schoeberl",
	title		= "{On the Scalability of Time-Predictable Chip-Multiprocessing}",
	booktitle	= {Proceedings of the 10th International Workshop on Java Technologies for Real-time and Embedded Systems},
	series		= {JTRES},
	year		= 2012,
	location	= {Copenhagen, Denmark},
	pages		= "98 - 104",
	numpages	= 7,
	publisher	= {ACM}
} 

@inproceedings {
	pret_mcgrep,
 
	title		= "{MCGREP - A Predictable Architecture for Embedded Real-Time Systems}", 
	author		= "Jack Whitham and Neil Audsley", 
	booktitle	= {27th IEEE International Conference on Real-Time Systems Symposium (RTSS)}, 
	year		= 2006, 
	month		= dec, 
	pages		= "13 - 24"
}

@article {
	pret_vliw,
	
	author		= "Jun Yan and Wei Zhang",
	title		= "{A time-predictable VLIW processor and its compiler support}",
	journal		= {Real-Time Syst.},
	volume		= 38,
	number		= 1,
	year		= 2008,
	pages		= "67 - 84",
	publisher	= {Kluwer Academic Publishers}
}

@article {
	pret_hybrid_simulation,
	
	author	= "Ho Young Kim and Tag Gon Kim",
	title	= "{Trace-Driven Hybrid Simulation Methodology for Simulation Speedup: Rapid Evaluation of a Pipelined Processor}",
	journal	= "Simulation Series",
	year	= 2004,
	volume	= 36,
	number	= 4,
	pages	= "185 - 190",
}

@techreport {
	pret_techreport_PPPusingP,
	
	author		= "Eugene Yip and Partha S. Roop and Morteza Biglari-Abhari",
	institution	= {University of Auckland Faculty of Engineering},
	title		= "{Predictable Parallel Programming using PRET-C}",
	number		= 679,
	year		= 2010,
	issn		= {ISSN 1178-3680},
	url			= "http://www.ece.auckland.ac.nz/$\sim$pretzel/papers/techreport679.pdf"
}

@inproceedings {
	pret_patmos,
	
	author		= "Martin Schoeberl and Pascal Schleuniger and Wolfgang Puffitsch and Florian Brandner and Christian W. Probst",
	title		= "{Towards a Time-predictable Dual-Issue Microprocessor: The Patmos Approach}",
	booktitle	= {Bringing Theory to Practice: Predictability and Performance in Embedded Systems},
	pages		= "11 - 21",
	series		= {OpenAccess Series in Informatics (OASIcs)},
	year		= 2011,
	volume		= 18,
	editor		= {Philipp Lucas and Lothar Thiele and Benoit Triquet and Theo Ungerer and Reinhard Wilhelm},
	publisher	= "Schloss Dagstuhl - Leibniz-Zentrum fuer Informatik"
}

@inproceedings {
	pret_merasa_rtos, 
	
	author		= "Julian Wolf and Mike Gerdes and Florian Kluge and Sascha Uhrig and Jorg Mische and Stefan Metzlaff and Christine Rochange and Hugues Casse and Pascal Sainrat and Theo Ungerer",
	title		= "{RTOS Support for Parallel Execution of Hard Real-Time Applications on the MERASA Multi-core Processor}", 
	booktitle	= {13th IEEE International Symposium on Object/Component/Service-Oriented Real-Time Distributed Computing (ISORC)}, 
	year		= 2010, 
	pages		= "193 - 201"
}

@article {
	pret_merasa,
	
	author	= "Theo Ungerer and Francisco J. Cazorla and Pascal Sainrat and Guillem Bernat and Zlatko Petrov and Christine Rochange and Eduardo Quinones and Mike Gerdes and Marco Paolieri and Julian Wolf and Hugues Casse and Sascha Uhrig and Irakli Guliashvili and Michael Houston and Florian Kluge and Stefan Metzlaff and Jorg Mische", 
	title	= "{MERASA: Multicore Execution of Hard Real-Time Applications Supporting Analyzability}", 
	journal	= {IEEE Micro}, 
	year	= 2010 , 
	month	= sep, 
	volume	= 30, 
	number	= 5, 
	pages	= "66 - 75"
}

@inproceedings {
	pret_merasa_software_pipeline, 
	
	author		= "Marco Paolieri and Eduardo Quinones and Francisco J. Cazorla and Julian Wolf and Theo Ungerer and Sascha Uhrig and Zlatko Petrov", 
	title		= "{A Software-Pipelined Approach to Multicore Execution of Timing Predictable Multi-threaded Hard Real-Time Tasks}", 
	booktitle	= {14th IEEE International Symposium on Object/Component/Service-Oriented Real-Time Distributed Computing (ISORC)}, 
	year		= 2011, 
	month		= mar, 
	pages		= "233 - 240"
}

@inproceedings {
	pret_merasa_3d_solver,
	
	author		= "Christine Rochange and Armelle Bonenfant and Pascal Sainrat and Mike Gerdes and Julian Wolf and Theo Ungerer and Zlatko Petrov and Frantisek Mikulu",
	title		= "{WCET Analysis of a Parallel 3D Multigrid Solver Executed on the MERASA Multi-Core}",
	booktitle	= {10th International Workshop on Worst-Case Execution Time Analysis (WCET)},
	pages		= "90 - 100",
	series		= {OpenAccess Series in Informatics (OASIcs)},
	year		= 2010,
	volume		= 15,
	editor		= "Bj{\"o}rn Lisper",
	publisher	= {Schloss Dagstuhl--Leibniz-Zentrum fuer Informatik}
}

@inproceedings {
	pret_merasa_large_drilling,
	
	author		= "Mike Gerdes and Julian Wolf and Irakli Guliashvili and Theo Ungerer and Michael Houston and Guillem Bernat and Stefan Schnitzler and Hans Regler and Hans Regler",
	title		= "{Large Drilling Machine Control Code - Parallelisation and WCET Speedup}",
	booktitle	= {6th IEEE International Symposium on Industrial Embedded Systems (SIES)},
	year		= 2011,
	pages		= "91 - 94",
	month		= jun
}

@inproceedings {
	pret_ngmp,
	
	author		= "Jan Andersson and Jiri Gaisler and Roland Weigand",
	title		= "{Next Generation Multipurpose Microprocessor}",
	booktitle	= {Data Systems In Aerospace},
	year		= 2010,
	month		= jun,
	location	= "Budapest, Hungary"
}

@inproceedings {
	pret_ngmp_assessment,
	
	author		= "Mikel Fern\'{a}ndez and Roberto Gioiosa and Eduardo Qui\~{n}ones and Luca Fossati and Marco Zulianello and Francisco J. Cazorla",
	title		= "{Assessing the Suitability of the NGMP Multi-core Processor in the Space Domain}",
	booktitle	= {Proceedings of the tenth ACM international conference on Embedded software},
	series		= {EMSOFT '12},
	year		= 2012,
	location	= {Tampere, Finland},
	pages		= "175 - 184",
	numpages	= 10,
	publisher	= {ACM},
	address		= {New York, NY, USA}
} 

@incollection {
	KirnerP11,
	
	author		= "Raimund Kirner and Peter Puschner",
	title		= "{Time-Predictable Computing}",
	booktitle	= {Software Technologies for Embedded and Ubiquitous Systems},
	volume		= 6399,
	series		= {Lecture Notes in Computer Science},
	editor		= "SangLyul Min and Robert Pettit and Peter Puschner and Theo Ungerer",
	publisher	= {Springer Berlin Heidelberg},
	year		= 2011,
	pages		= "23 - 34"
}

@article {
	AxerEFGGGJMRRSHWY14,

	author		= "Philip Axer and Rolf Ernst and Heiko Falk and Alain Girault and Daniel Grund and Nan Guan and Bengt Jonsson and Peter Marwedel and Jan Reineke and Christine Rochange and Maurice Sebastian and Reinhard Von Hanxleden and Reinhard Wilhelm and Wang Yi",
	title		= "{Building Timing Predictable Embedded Systems}",
	journal 	= {ACM Transactions on Embedded Computing Systems},
	volume		= 13,
	number		= 4,
	month		= mar,
	year		= 2014,
	pages		= {82:1--82:37},
	articleno	= 82,
	numpages	= 37
} 

@inproceedings {
	Schoeberl12,
 
	author		= "Martin Schoeberl", 
	title		= "{Is Time Predictability Quantifiable?}", 
	booktitle	= {International Conference on Embedded Computer Systems (SAMOS)}, 
	year		= 2012, 
	month		= jul, 
	pages		= "333 - 338"
}

@article {
	DingZ12,

	author		= "Yiqiang Ding and Wei Zhang",
	title		= "{Architectural Time-predictability Factor (ATF): A Metric to Evaluate Time Predictability of Processors}",
	journal		= {SIGBED Rev.},
	volume		= 9,
	number		= 4,
	month		= nov,
	year		= 2012,
	pages		= "6 - 15",
	numpages	= 10,
	publisher	= {ACM},
	address		= {New York, NY, USA}
} 


# # # # # # # # # # # #
# Safety-critical coding guidelines
# # # # # # # # # # # #

@electronic {
	safety_critical_coding_misrac_headings,
	
	title	= "{MISRA-C:2004 Rules}",
	author	= "{RistanCASE}",
	year	= 2012,
	month	= oct,
	url		= "http://www.ristancase.com/html/dac/manual/3.12.02%20MISRA-C%202004%20Rules.html"
}

@misc {
	safety_critical_coding_misrac_standard,
	
	title	= "{MISRA-C: 2012: Guidelines for the Use of the C Language in Critical Systems}",
	author	= "{Motor Industry Software Reliability Association}",
	year	= 2013,
	pages	= 226,
	note	= "Standard"
}

@article {
	safety_critical_coding_misrac_overview,
	
	title	= "{Safer Language Subsets: An Overview and a Case History, MISRA C}",
	journal	= "Information and Software Technology",
	volume	= 46,
	number	= 7,
	pages	= "465 - 472",
	year	= 2004,
	author	= "Les Hatton",
}

@article{
	safety_critical_coding_power_10,
	
	author		= "Gerard J. Holzmann",
	title		= "{The Power of 10: Rules for Developing Safety-Critical Code}",
	journal		= {IEEE Computer},
	volume		= 39,
	number		= 6,
	year		= 2006,
	pages		= "95 - 97"
}

@misc {
	safety_critical_coding_jpl,
	
	title	= "{JPL Institutional Coding Standard for the C Programming Language}",
	author	= "{Jet Propulsion Laboratory}",
	note	= "Standard 1.0. [Online] http://lars-lab.jpl.nasa.gov/JPL\_Coding\_Standard\_C.pdf",
	day		= 3,
	month	= mar,
	year	= 2009
}

@inproceedings {
	safety_critical_coding_structure,
	
	author		= "Gernot Gebhard and Christoph Cullmann and Reinhold Heckmann",
	title		= "{Software Structure and WCET Predictability}",
	booktitle	= {Bringing Theory to Practice: Predictability and Performance in Embedded Systems},
	pages		= "1 - 10",
	series		= {OpenAccess Series in Informatics (OASIcs)},
	year		= 2011,
	volume		= 18,
	editor		= {Philipp Lucas and Lothar Thiele and Benoit Triquet and Theo Ungerer and Reinhard Wilhelm},
	publisher	= "Schloss Dagstuhl - Leibniz-Zentrum fuer Informatik",
}

@book {
	safety_critical_coding_traps_pitfalls,
	
	author		= "Andrew Koenig",
	title		= "{C Traps and Pitfalls}",
	publisher	= {Addison-Wesley},
	year		= 1988,
	isbn		= {978-0-201-17928-6},
	pages		= {I-XI, 1-147},
}

@misc {
	parasoft,

	author	= "{Parasoft}",
	title	= "{Parasoft: Service Virtualization, API Testing, Development Testing}",
	note	= "[Online] http://www.parasoft.com",
	day		= 18,
	month	= jun,
	year	= 2014
}

@misc {
	polyspace,

	author	= "{Polyspace}",
	title	= "{Static Analysis Tools for C/C++ and Ada - Polyspace}",
	note	= "[Online] http://www.mathworks.com/products/polyspace",
	day		= 18,
	month	= jun,
	year	= 2014
}

@misc {
	parallel_lint,
	
	author	= "Andrey Karpov",
	title	= "{Parallel Lint}",
	day		= 2,
	month	= nov,
	year	= 2011,
	note	= "[Online] http://software.intel.com/en-us/articles/parallel-lint"
}

# # # # # # # # # #
# Symbolic execution
# # # # # # # # # #	

@article {
	symbolic_testing,

	author		= "James C. King",
	title		= {Symbolic execution and program testing},
	journal		= {Commun. ACM},
	volume		= 19,
	number		= 7,
	month		= jul,
	year		= 1976,
	pages		= "385 - 394",
	numpages	= 10,
	publisher	= {ACM},
	address		= {New York, NY, USA}
} 

@inproceedings {
	symbolic_model_checking,

	author		= "Sarfraz Khurshid and Corina S. P\u{a}s\u{a}reanu and Willem Visser",
	title		= "{Generalized Symbolic Execution for Model Checking and Testing}",
	booktitle	= {Proceedings of the 9th international conference on Tools and algorithms for the construction and analysis of systems},
	series		= {TACAS'03},
	year		= 2003,
	location	= {Warsaw, Poland},
	pages		= "553 - 568",
	numpages	= 16,
	publisher	= {Springer-Verlag},
	address		= {Berlin, Heidelberg}
}


# # # # # # # # # #
# Static analysis
# # # # # # # # # #	

@article {
	BussBSE10,
	
	author		= "Marcio Buss and Daniel Brand and Vugranam Sreedhar and Stephen A. Edwards",
	title		= "{A Novel Analysis Space for Pointer Analysis and Its Application for Bug Finding}",
	journal		= {Sci. Comput. Program.},
	volume		= 75,
	number		= 11,
	month		= nov,
	year		= 2010,
	pages		= "921 - 942",
	numpages	= 22,
	publisher	= {Elsevier North-Holland, Inc.},
	address		= {Amsterdam, The Netherlands, The Netherlands}
} 

@inproceedings {
	HardekopfL11,
	
	author		= "Ben Hardekopf and Calvin Lin",
	title		= "{Flow-Sensitive Pointer Analysis for Millions of Lines of Code}",
	booktitle	= {Proceedings of the 9th Annual IEEE/ACM International Symposium on Code Generation and Optimization},
	series		= {CGO},
	year		= 2011,
	pages		= "289 - 298",
	numpages	= 10,
	publisher	= {IEEE Computer Society}
} 


# # # # # # # # # #
# BCET analysis
# # # # # # # # # #	

@unpublished {
	AndradeFD13,
	
	author		= "Diego Andrade and Basilio B Fraguela and Ramon Doallo",
	title		= "{Address Independent Estimation of the Boundaries of Cache Performance}",
	journal		= "Microprocessors and Microsystems",
	publisher	= "Elsevier",
	note		= "Under review",
	year		= 2013
}


# # # # # # # # # #
# WCET analysis
# # # # # # # # # #	

@electronic {
	gurobi,
	
	title	= "{Gurobi}",
	author	= "{Gurobi Optimization, Inc}",
	day		= 27,
	month	= aug,
	year	= 2014,
	url		= "http://www.gurobi.com",
}

@article {
	Lee09,

	author		= "Edward A. Lee",
	title		= "{Computing Needs Time}",
	journal		= {Commun. ACM},
	volume		= 52,
	number		= 5,
	month		= may,
	year		= 2009,
	pages		= "70 - 79",
	numpages	= 10,
	publisher	= "ACM",
	address		= {New York, NY, USA}
} 

@article {
	Wilhelm14,
	
	author		= "Reinhard Wilhelm and Daniel Grund",
	title		= "{Computation Takes Time, but How Much?}",
	journal		= {Commun. ACM},
	volume		= 57,
	number		= 2,
	month		= feb,
	year		= 2014,
	pages		= "94 - 103",
	numpages	= 10,
	publisher	= {ACM},
	address		= {New York, NY, USA}
} 

@article {
	wcet_methods_survey,

	author		= "Reinhard Wilhelm and Jakob Engblom and Andreas Ermedahl and Niklas Holsti and Stephan Thesing and David Whalley and Guillem Bernat and Christian Ferdinand and Reinhold Heckmann and Tulika Mitra and Frank Mueller and Isabelle Puaut and Peter Puschner and Jan Staschulat and Per {Stenstr\"{o}m}",
	title		= "{The Worst-Case Execution-Time Problem - Overview of Methods and Survey of Tools}",
	journal		= {ACM Trans. Embed. Comput. Syst.},
	volume		= 7,
	number		= 3,
	year		= 2008,
	issn		= {1539-9087},
	pages		= "1 - 53",
	publisher	= {ACM},
	address		= {New York, NY, USA}
}

@inproceedings {
	LundqvistS99, 

	author		= "Thomas Lundqvist and Per Stenstrom", 
	title		= "{Timing Anomalies in Dynamically Scheduled Microprocessors}", 
	booktitle	= {Proceedings of the 20th IEEE Real-Time Systems Symposium}, 
	year		= 1999, 
	month		= dec, 
	pages		= "12 - 21"
}

@inproceedings {
	wcet_single_path_code,
	
	author		= "Peter Puschner and Alan Burns",
	title		= "{Writing Temporally Predictable Code}",
	booktitle	= {Proceedings of the The Seventh IEEE International Workshop on Object-Oriented Real-Time Dependable Systems},
	series		= {WORDS},
	year		= 2002,
	pages		= "85 - 91",
	publisher	= {IEEE Computer Society}
} 

@inproceedings {
	wcet_loops,
	
    author		= "Florian Martin and Martin Alt and Reinhard Wilhelm and Christian Ferdinand",
    title		= "{Analysis of Loops}",
    booktitle	= {In Proceedings of the 7th International Conference on Compiler Construction, volume 1383 of Lecture Notes in Computer Science},
    year		= 1998,
    pages		= "80 - 94",
    publisher	= {Springer-Verlag}
}

@inproceedings {
	wcet_industrial,
	
	author		= "Jan Gustafsson and Andreas Ermedahl",
	title		= "{Experiences from Applying WCET Analysis in Industrial Settings}",
	booktitle	= {Proceedings of the 10th IEEE International Symposium on Object and Component-Oriented Real-Time Distributed Computing},
	series		= {ISORC},
	year		= 2007,
	pages		= "382 - 392",
	numpages	= 11,
	publisher	= {IEEE Computer Society},
} 

@inproceedings{
	wcet_rtsj_benchmarks,
	
	author		= "Tomas Kalibera and Pavel Parizek and Ghaith Haddad and Gary T. Leavens and Jan Vitek",
	title		= "{Challenge Benchmarks for Verification of Real-Time Programs}",
	booktitle	= {Proceedings of the 4th ACM SIGPLAN workshop on Programming languages meets program verification},
	series		= {PLPV '10},
	year		= 2010,
	location	= {Madrid, Spain},
	pages		= "57 - 62",
	numpages	= 6,
	publisher	= {ACM},
	address		= {New York, NY, USA}
} 

@book {
	wcet_model_checking,
 
	author		= "Edmund M. Clarke and Orna Grumberg and Doron A. Peled",
	title		= "{Model Checking}",
	publisher	= {MIT Press},
	year		= 2000
}

@inproceedings {
	wcet_timing_code_segments,
	
    author		= "Marion G. Harmon and T.P. Baker and David B. Whalley",
    title		= "{A Retargetable Technique for Predicting Execution Time of Code Segments}",
    booktitle	= {In IEEE Real-Time Systems Symposium},
    year		= 1992,
    pages		= "68 - 77"
}

@inproceedings {
	wcet_timing_c_program,
	
	author		= "Brandolese, C. and Fornaciari, W. and Salice, F. and Sciuto, D.",
	title		= "{Source-level execution time estimation of C programs}",
	booktitle	= {Proceedings of the 9th International Symposium on Hardware/Software Codesign (CODES)},
	year		= 2001,
	pages		= "98 - 103",
	location	= {Copenhagen, Denmark},
	publisher	= {ACM},
}

@inproceedings {
	wcet_source_annotation, 
	
	author		= "Daniel Mueller-Gritschneder and Kun Lu and Ulf Schlichtmann", 
	title		= "{Control-Flow-Driven Source Level Timing Annotation for Embedded Software Models on Transaction Level}", 
	booktitle	= {14th Euromicro Conference on Digital System Design (DSD)}, 
	year		= 2011, 
	month		= sep, 
	pages		= "600 - 607" 
}

@techreport {
	wcet_ucb_cu_model_checker,

	author		= "Sungjun Kim and Hiren D. Patel and Stephen A. Edwards",
	title		= "{Using a Model Checker to Determine Worst-case Execution Time}",
	year		= 2009,
	type		= "Technical Report CUCS-038-09",
	institution	= "Computer Science, Columbia University",
	url			= "http://www1.cs.columbia.edu/~sedwards/papers/kim2009using.pdf",
}

@incollection {
	wcet_ai_ilp,

	author		= "Reinhard Wilhelm",
	title		= "{Why AI + ILP Is Good for WCET, but MC Is Not, Nor ILP Alone}",
	booktitle	= "Verification, Model Checking, and Abstract Interpretation",
	series		= {Lecture Notes in Computer Science},
	editor		= "Bernhard Steffen and Giorgio Levi",
	publisher	= {Springer Berlin Heidelberg},
	pages		= "309 - 322",
	year		= 2004
}

@inproceedings {
	wcet_analysis_jop,

	author		= "Martin Schoeberl and Rasmus Pedersen",
	title		= "{WCET analysis for a Java processor}",
	booktitle	= {JTRES '06: Proceedings of the 4th international workshop on Java technologies for real-time and embedded systems},
	year		= 2006,
	isbn		= {1-59593-544-4},
	pages		= "202 - 211",
	location	= {Paris, France},
	doi			= {http://doi.acm.org/10.1145/1167999.1168033},
	publisher	= {ACM},
	address		= {New York, NY, USA},
}

@inproceedings {
	wcet_aware_compiler,
	
	author		= "Heiko Falk and Paul Lokuciejewski and Henrik Theiling",
	title		= "{Design of a WCET-Aware C Compiler}",
	booktitle	= {Proceedings of the IEEE/ACM/IFIP Workshop on Embedded Systems for Real Time Multimedia (ESTMED)},
	year		= 2006,
	pages		= "121 - 126",
	publisher	= {IEEE Computer Society}
}

@electronic {
	wcet_aware_compiler_www,
	
	title	= "{WCET-aware Compilation}",
	author	= "Heiko Falk",
	day		= 10,
	month	= aug,
	year	= 2010,
	url		= "http://ls12-www.cs.tu-dortmund.de/research/activities/wcc/index.html",
}

@inproceedings {
	wcet_aware_framework,
	
	author		= "Sascha Plazar and Paul Lokuciejewski and Peter Marwedel",
	title		= "{A Retargetable Framework for Multi-Objective WCET-aware High-level Compiler Optimizations}",
	booktitle	= {Proceedings of The 29th IEEE Real-Time Systems Symposium (RTSS) WiP},
	address		= "Barcelona, Spain",
	year		= 2008,
	month		= dec,
	pages		= "49 - 52"
}

@techreport {
	wcet_ilp_mc_comparison,
	
	author		= "Benedikt Huber and Martin Schoeberl",
	title		= "{Comparison of ILP and Model Checking based WCET Analysis}",
	institution	= "Vienna University of Technology, Austria",
	type		= "Research Report",
	number		= "72/2008",
	year		= 2008,
	month		= dec,
	day			= 18,
}

@article {
	wcet_future_architectures,
	
	title		= "{Memory Hierarchies, Pipelines, and Buses for Future Architectures in Time-Critical Embedded Systems}",
	author		= "Reinhard Wilhelm and Daniel Grund and Jan Reineke and Marc Schlickling and Markus Pister and Christian Ferdinand",
	journal		= {IEEE Transactions on Computer-Aided Design of Integrated Circuits and Systems},
	year		= 2009,
	month		= jul,
	volume		= 28,
	number		= 7,
	pages		= "966 - 978",
	doi			= {10.1109/TCAD.2009.2013287},
	ISSN		= {0278-0070},
}

@book {
	wcet_pipeline,
	
	author		= "Jakob Engblom",
	title		= "{Processor Pipelines and Static Worst-Case Execution Time Analysis}",
	publisher	= "Acta Universitatis Upsaliensis",
	year		= 2002,
	series		= "Uppsala dissertations from the Faculty of Science and Technology 36",
	address		= "Uppsala",
}

@incollection {
	LangenbachTH02,
	
	author		= "Marc Langenbach and Stephan Thesing and Reinhold Heckmann",
	title		= "{Pipeline Modeling for Timing Analysis}",
	year		= 2002,
	booktitle	= {Static Analysis},
	volume		= 2477,
	series		= {Lecture Notes in Computer Science},
	editor		= "Manuel V. Hermenegildo and German Puebla",
	publisher	= {Springer Berlin Heidelberg},
	pages		= "294 - 309"
}

@article {
	wcet_multicore_scenario,
	
	author		= "Dipankar Das and P. P. Chakrabarti and Rajeev Kumar",
	title		= "{Scenario-based timing verification of multiprocessor embedded applications}",
	journal		= {ACM Trans. Des. Autom. Electron. Syst.},
	volume		= 14,
	number		= 3,
	year		= 2009,
	pages		= "1 - 58",
	publisher	= {ACM},
	address		= {New York, NY, USA}
}

@inproceedings {
	wcet_scenario_lsc,
	
	author		= "Kim G. Larsen and Shuhao Li and Brian Nielsen and Saulius Pusinskas", 
	title		= "{Scenario-Based Analysis and Synthesis of Real-Time Systems Using Uppaal}", 
	booktitle	= {Design, Automation Test in Europe Conference Exhibition (DATE)}, 
	year		= 2010, 
	month		= mar, 
	pages		= "447 - 452", 
}

@article {
	wcet_program_slicing,
	
	author    = "Jean-Luc B{\'e}chennec and Franck Cassez",
	title     = "{Computation of WCET using Program Slicing and Real-Time Model-Checking}",
	journal   = {CoRR},
	volume    = {abs/1105.1633},
	year      = 2011
}

@inproceedings {
	wcet_program_slicing_uppaal, 

	author		= "Franck Cassez and Jean-Luc Bechennec", 
	title		= "{Timing Analysis of Binary Programs with UPPAAL}", 
	booktitle	= {13th International Conference on Application of Concurrency to System Design (ACSD)}, 
	year		= 2013, 
	month		= jul, 
	pages		= "41 - 50"
}


@article {
	wcet_survey_formal_verification,

	title	= {A Survey of Automated Techniques for Formal Software Verification},
	author	= "Vijay D'Silva and Daniel Kroening and and Georg Weissenbacher",
	journal	= {IEEE Transactions on Computer-Aided Design of Integrated Circuits and Systems},
	year	= 2008,
	month	= jul,
	volume	= 27,
	number	= 7,
	pages	= "1165 - 1178"
}

@electronic { 
	wcet_uppaal,
	
	author	= "{UPPAAL}",
	title	= "{UPPAAL}",
	url		= "http://www.uppaal.org",
	day		= 10,
	month	= jun,
	year	= 2010
}

@article {
	wcet_instruction_multicore,
	
	author		= "Wei Zhang and Jun Yan",
	title		= "{Accurately Estimating Worst-Case Execution Time for Multi-Core Processors with Shared Direct-Mapped Instruction Caches}",
	journal		= {Real-Time Computing Systems and Applications, International Workshop on},
	volume		= 0,
	issn		= {1533-2306},
	year		= 2009,
	pages		= "455 - 463",
	publisher	= {IEEE Computer Society},
	address		= {Los Alamitos, CA, USA}
}

@article {
	wcet_bounding_multicore,
	
	author		= "Jun Yan and Wei Zhang",
	title		= "{Bounding Worst-Case Performance for Multi-Core Processors with Shared L2 Instruction Caches}",
	journal		= {Journal of Computing Science and Engineering (JCSE)},
	volume		= 5,
	number		= 1,
	year		= 2011,
	month		= mar,
	pages		= "1 - 18",
	publisher	= {Korean Institute of Information Scientists and Engineers (KIISE)},
	address		= {Seo-cho-gu, Seoul, Korea}
}

@inproceedings {
	wcet_ai_mc_multicore, 
	
	author		= "Mingsong Lv and Wang Yi and Nan Guan and Ge Yu", 
	title		= "{Combining Abstract Interpretation with Model Checking for Timing Analysis of Multicore Software}", 
	booktitle	= {IEEE 31st Real-Time Systems Symposium (RTSS)}, 
	year		= 2010, 
	month		= nov,
	day			= 30, 
	pages		= "339 - 349"
}

@unpublished {
	wcet_mcait_0,

	author	= "Mingsong Lv and Nan Guan and Wang Yi and Ge Yu",
	title	= "{McAiT - Combining Abstract Interpretation and Model Checking for Timing Analysis of Multicore Real-Time Software}",
	note	= "Paper submitted to CAV 2011",
	year	= 2011
}

@incollection {
	wcet_mcait_1,
	
	author		= "Mingsong Lv and Nan Guan and Qingxu Deng and Ge Yu and Wang Yi",
	title		= "{McAiT - A Timing Analyzer for Multicore Real-Time Software}",
	booktitle	= {Automated Technology for Verification and Analysis (ATVA 2011)},
	editor		= "Tevfik Bultan and Pao-Ann Hsiung",
	series		= {Lecture Notes in Computer Science},
	publisher	= {Springer Berlin Heidelberg},
	pages		= "414 - 417",
	volume		= 6996,
	year		= 2011,
	month		= oct
}

@inproceedings {
	wcet_mc_multicore,
	
	author		= "Andreas Gustavsson and Andreas Ermedahl and Bj{\"o}rn Lisper and Paul Pettersson",
	title		= "{Towards WCET Analysis of Multicore Architectures Using UPPAAL}",
	booktitle	= {10th International Workshop on Worst-Case Execution Time Analysis (WCET)},
	pages		= "101 - 112",
	series		= {OpenAccess Series in Informatics (OASIcs)},
	year		= 2010,
	volume		= 15,
	editor		= {Bj{\"o}rn Lisper},
	publisher	= {Schloss Dagstuhl--Leibniz-Zentrum fuer Informatik},
}

@mastersthesis {
	wcet_tunable_multicore,

	author		= "Man Ki Yoon",
	title		= "{Tunable WCET for Hard Real-Time Multicore System}",
	school		= {University of Illinois at Urbana-Champaign},
	year		= 2011,
	month		= jun
}

@inproceedings {
	wcet_multicore_tdma_offsets,
	
	author		= "Timon Kelter and Heiko Falk and Peter Marwedel and Sudipta Chattopadhyay and Abhik Roychoudhury", 
	title		= "{Bus-Aware Multicore WCET Analysis through TDMA Offset Bounds}", 
	booktitle	= {23rd Euromicro Conference on Real-Time Systems (ECRTS)}, 
	year		= 2011, 
	month		= jul, 
	pages		= "3 - 12"
}

@article {
	KelterFMCR13,

	author		= "Timon Kelter and Heiko Falk and Peter Marwedel and Sudipta Chattopadhyay and Abhik Roychoudhury",
	title		= "{Static Analysis of Multi-Core TDMA Resource Arbitration Delays}",
	year		= 2013,
	journal		= {Real-Time Systems},
	publisher	= {Springer US},
	pages		= "1 - 45"
}

@inproceedings {
	wcet_tdma,
	
	author		= "Andreas Schranzhofer and Jian-Jia Chen and Lothar Thiele",
	title		= "{Timing Analysis for TDMA Arbitration in Resource Sharing Systems}",
	address		= {Stockholm, Sweden},
	booktitle	= {IEEE Real-Time and Embedded Technology and Applications Symposium (RTAS)},
	publisher	= {IEEE},
	month		= apr,
	year		= 2010
}

@inproceedings {
	SchranzhoferPCTC11, 
	
	author		= "Andreas Schranzhofer and Rodolfo Pellizzoni and Jian-Jia Chen and Lothar Thiele and Marco Caccamo", 
	title		= "{Timing Analysis for Resource Access Interference on Adaptive Resource Arbiters}", 
	booktitle	= {17th IEEE Real-Time and Embedded Technology and Applications Symposium (RTAS)}, 
	year		= 2011, 
	month		= apr, 
	pages		= "213-222"
}

@phdthesis {
	wcet_multiprocessor_shared,
	
	author		= "Simon Schliecker",
	title		= "{Performance Analysis of Multiprocessor Real-Time Systems with Shared Resources}",
	school		= "Braunschweig : Institut fur Datentechnik und Kommunikationsnetze", 
	year		= 2011
}

@inproceedings {
	wcet_multicore_framework,
	
	author		= "Sudipta Chattopadhyay and Chong Lee Kee and Abhik Roychoudhury and Timon Kelter and Peter Marwedel and Heiko Falk",
	title		= "{A Unified WCET Analysis Framework for Multi-core Platforms}",
	booktitle	= {Proceedings of the IEEE 18th Real Time and Embedded Technology and Applications Symposium},
	series		= {RTAS},
	year		= 2012,
	pages		= "99 - 108",
	numpages	= 10,
	publisher	= {IEEE Computer Society}
} 

@misc {
	wcet_predictable_applications_multiprocessor,
	
	author		= "Jakob Rosen",
	title		= "{Predictable Real-Time Applications on Multiprocessor Systems-on-Chip}",
	pages		= 80,
	publisher	= {Linkoping University Electronic Press},
	school		= {Linkoping University, The Institute of Technology, ESLAB - Embedded Systems Laboratory},
	series		= {Linkoping Studies in Science and Technology. Thesis},
	number		= 1503,
	year		= 2011
}

@inproceedings {
	LiM95,

	author		= "Yau-Tsun Steven Li and Sharad Malik",
	title		= {Performance Analysis of Embedded Software Using Implicit Path Enumeration},
	booktitle	= {Proceedings of the 32nd Annual ACM/IEEE Design Automation Conference},
	series		= {DAC},
	year		= {1995},
	location	= {San Francisco, California, USA},
	pages		= "456 - 461",
	numpages	= 6,
	publisher	= {ACM}
} 

@incollection {
	Karp72,

	author		= "Richard M. Karp",
	title		= "{Reducibility among Combinatorial Problems}",
	booktitle	= {Complexity of Computer Computations},
	series		= {The IBM Research Symposia Series},
	editor		= "Raymond E. Miller and James W. Thatcher and Jean D. Bohlinger",
	publisher	= {Springer US},
	pages		= "85 - 103",
	year		= 1972
}

@inproceedings {
	StappertEE01,
	
	author		= "Friedhelm Stappert and Andreas Ermedahl and Jakob Engblom",
	title		= "{Efficient Longest Executable Path Search for Programs with Complex Flows and Pipeline Effects}",
	booktitle	= {Proceedings of the International Conference on Compilers, Architecture, and Synthesis for Embedded Systems},
	series		= {CASES},
	year		= 2001,
	location	= {Atlanta, Georgia, USA},
	pages		= "132 - 140",
	numpages	= 9
}

@inproceedings {
	OzaktasRS14,
	
	author		= "Haluk Ozaktas and Christine Rochange and Pascal Sainrat",
	title		= "{Minimizing the Cost of Synchronisations in the WCET of Real-time Parallel Programs}",
	booktitle	= {Proceedings of the 17th International Workshop on Software and Compilers for Embedded Systems},
	series		= {SCOPES},
	year		= 2014,
	location	= {Sankt Goar, Germany},
	pages		= "98 - 107",
	numpages	= 10,
	publisher	= {ACM}
} 

@incollection {
	GustavssonGL14,
	
	author		= "Andreas Gustavsson and Jan Gustafsson and Bjorn Lisper",
	title		= "{Timing Analysis of Parallel Software Using Abstract Execution}",
	year		= 2014,
	booktitle	= {Verification, Model Checking, and Abstract Interpretation},
	volume		= 8318,
	series		= {Lecture Notes in Computer Science},
	editor		= "Kenneth L. McMillan and Xavier Rival",
	publisher	= {Springer Berlin Heidelberg},
	pages		= "59 - 77"
}

@article {
	GranSRAV13,

	author	= "R. Gran and J. Segarra and C. Rodriguez and L.C. Aparicio and V. Vinals",
	title	= "{Optimizing a Combined WCET-WCEC Problem in Instruction Fetching for Real-Time Systems}",
	journal	= "Journal of Systems Architecture ",
	volume	= 59,
	number	= 9,
	pages	= "667 - 678",
	year	= 2013
}

@incollection {
	HuizhanJX06,
	
	author		= "Yi Huizhan and Chen Juan and Yang Xuejun",
	title		= "{Static WCET Analysis Based Compiler-Directed DVS Energy Optimization in Real-Time Applications}",
	year		= 2006,
	booktitle	= {Advances in Computer Systems Architecture},
	volume		= 4186,
	series		= {Lecture Notes in Computer Science},
	editor		= "Chris Jesshope and Colin Egan",
	publisher	= {Springer Berlin Heidelberg},
	pages		= "123 - 136"
}

@phdthesis {
	Reineke09,
	
	author	= "Jan Reineke",
	title	= "{Caches in WCET Analysis: Predictability, Competitiveness, Sensitivity}",
	school	= {Saarland University},
	year	= 2009
}


# # # # # # # # # #
# WCRT analysis
# # # # # # # # # #	

@inproceedings {
	wcrt_synchronous,
	
	author		= "Thomas Ringler",
	title		= "{Static Worst-Case Execution Time Analysis of Synchronous Programs}",
	booktitle	= {Proceedings of the 5th Ada-Europe International Conference on Reliable Software Technologies},
	series		= {Ada-Europe},
	year		= 2000,
	pages		= "56 - 68",
	numpages	= 13,
	publisher	= {Springer-Verlag}
} 

@inproceedings {
	wcrt_esterel_analysis,
	
	author		= "Marian Boldt and Claus Traulsen and Reinhard von Hanxleden",
	title		= "{Worst Case Reaction Time Analysis of Concurrent Reactive Programs}",
	booktitle	= {Proceedings of the Workshop on Model-Driven High-level Programming of Embedded Systems (SLA++P07)},
	location	= {Braga, Portugal},
	month		= mar,
	year		= 2007,
}

@phdthesis {
	wcrt_esterel_analysis_traulsen,
	
	author	= "Claus Traulsen",
	title	= "{Reactive Processing for Synchronous Languages and its Worst Case Reaction Time Analysis}", 
	school	= "{Christian-Albrechts-Universit\"at zu Kiel}",
	address	= "Department of Computer Science",
	year	= 2010,
	month	= feb,
}

@techreport {
	wcrt_esterel_analysis_boldt,
	
	author		= "Marian Boldt",
	title		= "{Worst Case Reaction Time Analysis for a Synchronous Concurrent Processor}", 
	type		= "Student Research Project Thesis",
	institution	= "{Christian-Albrechts-Universit\"at zu Kiel}",
	address		= "Department of Computer Science",
	year		= 2007,
	month		= jun,
}

@inproceedings{
	wcrt_esterel_multicores,
	
	author		= "Lei Ju and Bach Khoa Huynh and Abhik Roychoudhury and Samarjit Chakraborty",
	title		= "{Timing Analysis of Esterel Programs on General-Purpose Multiprocessors}",
	booktitle	= {Proceedings of the 47th Design Automation Conference (DAC)},
	year		= 2010,
	pages		= "48 - 51",
	location	= {Anaheim, California},
	publisher	= {ACM},
}

@phdthesis {
	wcrt_esterel_nus,
	
	author		= "Lei Ju",
	title		= "{Model-driven Timing Analysis of Embedded Software}",
	school		= "National University of Singapore", 
	year		= 2010
}

@article {
	wcrt_multicore_shared_cache,

	author		= "Yun Liang and Huping Ding and Tulika Mitra and Abhik Roychoudhury and Yan Li and Vivy Suhendra",
	title		= "{Timing Analysis of Concurrent Programs Running on Shared Cache Multi-Cores}",
	year		= 2012,
	journal		= {Real-Time Systems},
	volume		= 48,
	number		= 6,
	publisher	= {Springer US},
	pages		= "638 - 680"
}

@inproceedings {
	wcrt_algebra_interfaces,
	
	author		= "Michael Mendler and Reinhard von Hanxleden and Claus Traulsen",
	title		= "{WCRT Algebra and Interfaces for Esterel-Style Synchronous Processing}",
	booktitle	= {Proceedings of the Design, Automation and Test in Europe (DATE)},
	year		= 2009,
	address		= {Nice, France},
	month		= apr
}

@inproceedings {
	wcrt_tight_c,

	author		= "Partha S. Roop and Sidharta Andalam and Reinhard von Hanxleden and Simon Yuan and Claus Traulsen",
	title		= "{Tight WCRT Analysis of Synchronous C Programs}",
	booktitle	= {Proceedings of the International Conference on Compilers, Architecture, and Synthesis for Embedded Systems},
	series		= {CASES},
	year		= 2009,
	location	= {Grenoble, France},
	pages		= "205 - 214",
	numpages	= 10,
	publisher	= {ACM}
} 

@inproceedings {
	AndalamRG11, 

	author		= "Sidharta Andalam and Partha S. Roop and Alain Girault", 
	title		= "{Pruning Infeasible Paths for Tight WCRT Analysis of Synchronous Programs}", 
	booktitle	= {Design, Automation Test in Europe Conference Exhibition (DATE)}, 
	year		= 2011, 
	month		= mar, 
	pages		= "1 - 6"
}

@inproceedings {
	AndalamSRGR13, 

	author		= "Sidharta Andalam and Roopak Sinha and Partha S. Roop and Alain Girault and Jan Reineke", 
	title		= "{Precise Timing Analysis for Direct-Mapped Caches}", 
	booktitle	= {50th ACM/EDAC/IEEE on Design Automation Conference (DAC)}, 
	year		= 2013, 
	month		= may, 
	pages		= "1 - 10"
}

@inproceedings {
	KuoSR11,
	
	author		= "Matthew Kuo and Roopak Sinha and Partha S. Roop",
	title		= "{Efficient WCRT Analysis of Synchronous Programs using Reachability}",
	booktitle	= {48th ACM/EDAC/IEEE Design Automation Conference (DAC)},
	year		= 2011,
	pages		= "480 - 485",
	location	= {San Diego, USA}
}

@inproceedings {
	WangRA13, 

	author		= "Jia Jie Wang and Partha S. Roop and Sidharta Andalam", 
	title		= "{ILPc: A Novel Approach for Scalable Timing Analysis of Synchronous Programs}", 
	booktitle	= {International Conference on Compilers, Architecture and Synthesis for Embedded Systems (CASES)}, 
	year		= 2013, 
	month		= sep, 
	pages		= "1 - 10"
}

@techreport {
	MendlerBRW14,
	
	author		= "Michael Mendler and Bruno Bodin and Partha S. Roop and Jia Jie Wang",
	title		= "{WCRT for Synchronous Programs - Studying the Tick Alignment Problem}",
	institution	= "Faculty of Information Systems and Applied Computer Sciences, Bamberg University",
	number		= 95,
	month		= aug,
	year		= 2014
}

@article {
	wcrt_concurrent_reactive,
	
	author	= "Marian Boldt and Claus Traulsen and Reinhard von Hanxleden",
	title	= "{Worst Case Reaction Time Analysis of Concurrent Reactive Programs}",
	pages	= "65 - 79",
	year	= 2008,
	volume	= 203,
	number	= 4,
	journal	= {Electronic Notes in Theoretical Computer Science},
	month	= jun
}

@incollection {
	wcrt_taxys,
	
	author		= "Etienne Closse and Michel Poize and Jacques Pulou and Joseph Sifakis and Patrick Venter and Daniel Weiland Sergio Yovine",
	affiliation	= {France Telecom R\&D, 28 chemin du Vieux Chene, 38243 Meylan cedex, France},
	title		= "{TAXYS: A Tool for the Development and Verification of Real-Time Embedded Systems}",
	booktitle	= {Computer Aided Verification},
	series		= {Lecture Notes in Computer Science},
	editor		= "Gerard Berry and Hubert Comon and Alain Finkel",
	publisher	= {Springer Berlin / Heidelberg},
	pages		= "391 - 395",
	volume		= 2102,
	year		= 2001
}

@inproceedings {
	wcrt_cots_multicore_shared_bus,

	author		= "Dakshina Dasari and Bjorn Andersson and Vincent Nelis and Stefan M. Petters and Arvind Easwaran and Jinkyu Lee",
	title		= "{Response Time Analysis of COTS-Based Multicores Considering the Contention on the Shared Memory Bus}",
	booktitle	= {Proceedings of the IEEE 10th International Conference on Trust, Security and Privacy in Computing and Communications},
	series		= {TRUSTCOM},
	year		= 2011,
	pages		= "1068 - 1075",
	numpages	= 8,
	publisher	= {IEEE Computer Society}
} 

@inproceedings {
	RaymondMPC13,
	
	author		= "Pascal Raymond and Claire Maiza and Catherine Parent-Vigouroux and Fabienne Carrier",
	title		= "{Timing Analysis Enhancement for Synchronous Program}",
	booktitle	= {Proceedings of the 21st International Conference on Real-Time Networks and Systems},
	series		= {RTNS},
	year		= 2013,
	location	= {Sophia Antipolis, France},
	pages		= "141 - 150",
	numpages	= 10,
	publisher	= {ACM}
} 

@inproceedings {
	LiMS14, 

	author		= "Zhenmin Li and Avinash Malik and Zoran Salcic", 
	title		= "{TACO: A Scalable Framework for Timing Analysis and Code Optimization of Synchronous Programs}", 
	booktitle	= {IEEE 20th International Conference on Embedded and Real-Time Computing Systems and Applications (RTCSA)}, 
	year		= 2014, 
	month		= aug, 
	pages		= "1 - 8"
}


# # # # # # # # # #
# Timed languages
# # # # # # # # # #

@article {
	FuriaMMR10,
	
	author		= "Carlo A. Furia and Dino Mandrioli and Angelo Morzenti and Matteo Rossi",
	title		= "{Modeling Time in Computing: A Taxonomy and a Comparative Survey}",
	journal		= {ACM Comput. Surv.},
	volume		= 42,
	number		= 2,
	month		= mar,
	year		= 2010,
	pages		= "6:1 - 6:59",
	numpages	= 59,
	publisher	= {ACM},
	address		= {New York, NY, USA}
} 


@article {
	HenzingerK07,

	author		= "Thomas A. Henzinger and Christoph M. Kirsch",
	title		= "{The Embedded Machine: Predictable, Portable Real-time Code}",
	journal		= {ACM Trans. Program. Lang. Syst.},
	volume		= 29,
	number		= 6,
	month		= oct,
	year		= 2007,
	publisher	= {ACM},
	address		= {New York, NY, USA}
} 

@article {
	timed_language_distributed,
	
    author		= "Joni Fraga and Jean Marie Farines and Olinto Furtado and Frank Siqueira",
    title		= {A Programming Model for Real-Time Applications in Open Distributed Systems},
	journal		= {IEEE International Workshop on Future Trends of Distributed Computing Systems},
	volume		= 0,
	year		= 1995,
	pages		= {0104},
	publisher	= {IEEE Computer Society}
}

@article {
	timed_language_tcel,
	
	author		= "Richard Gerber and Seongsoo Hong",
	title		= {Compiling Real-Time Programs With Timing Constraint Refinement and Structural Code Motion},
	journal		= {IEEE Transactions on Software Engineering},
	volume		= 21,
	number		= 5,
	issn		= {0098-5589},
	year		= 1995,
	pages		= "389 - 404",
	doi			= {http://doi.ieeecomputersociety.org/10.1109/32.387469},
	publisher	= {IEEE Computer Society},
	address		= {Los Alamitos, CA, USA},
}

@article {
	timed_language_tcel_slice,
	
	author		= "Richard Gerber and Seongsoo Hong",
	title		= "{Slicing Real-Time Programs for Enhanced Schedulability}",
	journal		= {ACM Trans. Program. Lang. Syst.},
	issue_date	= {May 1997},
	volume		= 19,
	number		= 3,
	month		= may,
	year		= 1997,
	pages		= "525 - 555",
	numpages	= 31,
	publisher	= {ACM}
} 

@incollection{
	timed_giotto,
	
	title		= "{Giotto: A Time-Triggered Language for Embedded Programming}",
	author		= "Thomas A. Henzinger and Benjamin Horowitz and Christoph M. Kirsch",
	booktitle	= {Embedded Software},
	volume		= 2211,
	series		= {Lecture Notes in Computer Science},
	editor		= {Henzinger, ThomasA. and Kirsch, ChristophM.},
	publisher	= {Springer Berlin Heidelberg},
	pages		= "166 - 184",
	year		= 2001
}

@manual {
	timed_giotto_tutorial,
	
	author			= "Marco A.A. Sanvido and Aaron Walburg",
	title			= "{Giotto Tutorial}",
	year			= 2004,
	month			= aug,
	organization	= "University of California at Berkeley",
	url				= "http://www.eecs.berkeley.edu/~tah/giotto/giottotutorial.pdf",
}

@article {
	timed_ptides,
 
	author	= "John C. Eidson and Edward A. Lee and Slobodan Matic and Sanjit A. Seshia and Jia Zou", 
	journal	= {Proceedings of the IEEE}, 
	title	= "{Distributed Real-Time Software for Cyber-Physical Systems}", 
	year	= 2012, 
	month	= jan, 
	volume	= 100, 
	number	= 1, 
	pages	= "45 - 59"
}

@inproceedings {
	YipRAG13,

	author		= "Eugene Yip and Partha S. Roop and Morteza Biglari-Abhari and Alain Girault",
	title		= "{Programming and Timing Analysis of Parallel Programs on Multicores}",
	booktitle	= {13th International Conference on Application of Concurrency to System Design (ACSD)},
	month		= jul,
	year		= 2013,
	location	= "Barcelona, Spain",
	numpages	= 10
} 

@article {
	timed_timec,
	
	author		= "Allen Leung and Krishna V. Palem and Amir Pnueli",
	title		= "{TimeC: A Time Constraint Language for ILP Processor Compilation}",
	journal		= {Constraints},
	volume		= 7,
	number		= 2,
	year		= 2002,
	issn		= {1383-7133},
	pages		= "75 - 115",
	doi			= {http://dx.doi.org/10.1023/A:1015131814255},
	publisher	= {Kluwer Academic Publishers},
	address		= {Hingham, MA, USA},
}

@article {
	KligermanS86, 
	
	author	= "Eugene Kligerman and Alexander D. Stoyenko", 
	title	= "{Real-Time Euclid: A Language for Reliable Real-Time Systems}", 
	journal	= {IEEE Transactions on Software Engineering}, 
	year	= 1986, 
	volume	= {SE-12}, 
	number	= 9, 
	pages	= "941 - 949"
}

@inproceedings {
	WolfeDL91, 

	author		= "Victor Wolfe and Susan Davidson and Insup Lee", 
	title		= "{RTC: Language Support for Real-Time Concurrency}", 
	booktitle	= {Proceedings of the 12th Real-Time Systems Symposium}, 
	year		= 1991, 
	pages		= "43 - 52"
}

@inproceedings {
	timed_memory_optimization,
	
	author		= "L{\'e}onard G{\'e}rard and Adrien Guatto and C{\'e}dric Pasteur and Marc Pouzet",
	title		= "{A Modular Memory Optimization for Synchronous Data-Flow Languages: Application to Arrays in a Lustre Compiler}",
	booktitle	= {Proceedings of the 13th ACM SIGPLAN/SIGBED International Conference on Languages, Compilers, Tools and Theory for Embedded Systems},
	series		= {LCTES '12},
	year		= 2012,
	location	= {Beijing, China},
	pages		= "51 - 60",
	numpages	= 10,
	publisher	= {ACM},
	address		= {New York, NY, USA}
} 

@article {
	WangNS09,
 
	author	= "Guoqiang Wang and Marco Di Natale and Alberto Sangiovanni-Vincentelli", 
	title	= "{Improving the Size of Communication Buffers in Synchronous Models With Time Constraints}", 
	journal	= {IEEE Transactions on Industrial Informatics}, 
	year	= 2009, 
	volume	= 5, 
	number	= 3, 
	pages	= "229 - 240"
}

@inproceedings {
	timed_seq_concurrency,
	
	author		= "Reinhard von Hanxleden and Michael Mendler and Joaquin Aguado and Bjorn Duderstadt and Insa Fuhrmann and Christain Motika and Stephen Mercer and Owen O'Brien",
	title		= "{Sequentially Constructive Concurrency: A Conservative Extension of the Synchronous Model of Computation}",
	booktitle	= "Design, Automation and Test in Europe (DATE)",
	year		= 2013,
	location	= {Grenoble, France}
}

@unpublished {
	timed_esterel_delay,
	
	author		= "Timothy Bourke and Arcot Sowmya",
	title		= "{Delays in Esterel}",
	note		= "{SYNCHRON}",
	year		= 2009,
	location	= "Dagstuhl, Germany"
}

@unpublished {
	timed_esterel_delay_presentation,
	
	author		= "Timothy Bourke and Arcot Sowmya",
	title		= "{Delays in Esterel}",
	note		= {presented at SYNCHRON},
	year		= 2009,
	location	= "Dagstuhl, Germany"
}

@inproceedings {
	timed_reactivec,
	
	author		= {Fr\'{e}d\'{e}ric Boussinot},
	title		= "{Reactive C: An Extension of C to Program Reactive Systems}",
	booktitle	= {Software Practice and Experience},
	volume		= 21,
	number		= 4,
	year		= 1991,
	month		= apr,
	pages 		= {401 - 428},
	publisher	= {John Wiley \& Sons, Inc.},
	address		= {New York, NY, USA},
}

@inproceedings {
	MotikaHH13,
	
	author		= "Christian Motika and Reinhard von Hanxleden and Mirko Heinold",
	title		= "{Programming Deterministic Reactive Systems with Synchronous Java (Invited Paper)}",
	booktitle	= {Proceedings of the 9th Workshop on Software Technologies for Future Embedded and Ubiquitous Systems (SEUS 2013)},
	year		= 2013,
	series		= {IEEE Proceedings},
	address		= "Paderborn, Germany",
	month		= jun
}


@techreport {
	timed_reactivec_shared_variables,

	title		= "{Reactive Shared Variables Based Systems}",
	author		= "Fr\'{e}d\'{e}ric Boussinot",
	type		= "Technical Report",
	institution	= "INRIA",
	number		= 1849,
	year		= 1993
}

@techreport {
	timed_reactivec_semantics,
	
    author		= "Frederic Boussinot",
    title		= "{RC Semantics using Rewriting Rules}",
	type		= "Technical Report",
	institution	= "INRIA",
	number		= 1892,
    year		= 1992
}

@article {
	timed_synchronous_survey,
		
	title	= "{The Synchronous Languages 12 Years Later}",
	author	= "Albert Benveniste and Paul Caspi and Stephen A. Edwards and Nicolas Halbwachs and Paul Le Guernic and Robert de Simone",
	journal	= {Proceedings of the IEEE},
	year	= 2003,
	month	= jan,
	volume	= 91,
	number	= 1,
	pages	= "64 - 83",
}

@article {
	timed_lustre,
	 
	author	= "Nicholas Halbwachs and Paul Caspi and Pascal Raymond and Daniel Pilaud", 
	journal	= {Proceedings of the IEEE}, 
	title	= "{The Synchronous Data Flow Programming Language LUSTRE}", 
	year	= 1991, 
	volume	= 79, 
	number	= 9, 
	pages	= "1305 - 1320"
}

@article{ 
	timed_signal, 

	author	= "Paul Le Guernic and Thierry Gautier and Michel Le Borgne and Claude Le Maire", 
	title	= "{Programming Real-Time Applications with SIGNAL}", 
	journal	= {Proceedings of the IEEE}, 
	year	= 1991, 
	month	= sep, 
	volume	= 79, 
	number	= 9, 
	pages	= "1321 - 1336"
}

@article {
	Tardieu07,

	author		= "Olivier Tardieu",
	title		= "{A Deterministic Logical Semantics for Pure Esterel}",
	journal		= {ACM Trans. Program. Lang. Syst.},
	volume		= 29,
	number		= 2,
	month		= apr,
	year		= 2007,
	articleno	= 8,
	publisher	= {ACM}
} 

@incollection {
	Maraninchi92,

	author		= "Florence Maraninchi",
	title		= "{Operational and Compositional Semantics of Synchronous Automaton Compositions}",
	booktitle	= {CONCUR},
	volume		= 630,
	series		= {Lecture Notes in Computer Science},
	editor		= "W.R. Cleaveland",
	publisher	= {Springer Berlin Heidelberg},
	pages		= "550 - 564",
	year		= 1992
}

@article {
	timed_sdf, 

	author	= "Edward A. Lee and David G. Messerschmitt", 
	title	= "{Synchronous Data Flow}", 
	journal	= {Proceedings of the IEEE}, 
	year	= 1987, 
	volume	= 75, 
	number	= 9, 
	pages	= "1235 - 1245", 
}

@inproceedings {
	timed_preemption,
	author		= "Berry, G{\'e}rard",
	title		= "{Preemption in Concurrent Systems}",
	booktitle	= {Proceedings of the 13th Conference on Foundations of Software Technology and Theoretical Computer Science},
	year		= 1993,
	pages		= "72 - 93",
	numpages	= 22,
	publisher	= {Springer-Verlag}
} 

@article {
	timed_calculi,
	
	author	= "Robin Milner",
	title	= "{Calculi for Synchrony and Asynchrony}",
	journal	= "Theoretical Computer Science",
	volume	= 25,
	number	= 3,
	pages	= "267 - 310",
	year	= 1983
}

@article {
	timed_esterel,
	
	author	= "G\'{e}rard Berry and Georges Gonthier",
	title	= "{The Esterel Synchronous Programming Language: Design, Semantics and Implementation}",
	journal	= {Science of Computer Programming},
	year	= 1992,
	volume	= 19,
	number	= 2,
	pages	= "87 - 152"
}

@manual {
	timed_esterel_v7,
	
	author			= "{Esterel Technologies}",
	title			= "{The Esterel v7 Reference Manual}",
	year			= 2005,
	month			= nov,
	organization	= "Esterel Technologies",
	url				= "http://www.esterel-technologies.com"
}

@article {
	timed_esterel_semantics,
	author	= "Gerard Berry",
	title	= "{The Semantics of Pure Esterel}",
	journal	= {Program Design Calculi},
	editor	= "Manfred Broy",
	volume	= 118,
	year	= 1993
}

@inproceedings {
	timed_esterel_distribution_emperor,
	
	author		= "Li Hsien Yoong and Partha S. Roop and Zoran Salcic and Flavius Gruian",
	booktitle	= {International Workshop on Synchronous Languages, Applications, and Programming (SLAP)},
	title		= "{Compiling Esterel for Distributed Execution}",
	year		= 2006,
	month		= mar,
	address		= "Vienna" 
}

@article {
	timed_cec,
	
	author	= "Stephen A. Edwards and Jia Zeng",
	title	= "{Code Generation in the Columbia Esterel Compiler}",
	journal	= {EURASIP Journal on Embedded Systems},
	year	= 2007,
	volume	= 2007,
}

@book {
	timed_compiling_esterel,
	
	author		= "Dumitru Potop-Butucaru and Stephen A. Edwards and G{\'e}rard Berry",
	title		= "{Compiling Esterel}",
	publisher	= "Springer",
	year		= 2007,
	isbn		= {978-0-387-70628-3},
	pages		= {I-XXI, 1-335}
}

@inproceedings {
	timed_esterel_debugging,
	
	author    = "Lei Ju and Bach Khoa Huynh and Abhik Roychoudhury and Samarjit Chakraborty",
	title     = "{Performance Debugging of Esterel Specifications}",
	booktitle = {CODES+ISSS '08: Proceedings of the 6th IEEE/ACM/IFIP international conference on Hardware/Software codesign and system synthesis},
	year      = 2008,
	pages     = "173 - 178",
}

@article {
	JuHRC12,
	
	author		= "Lei Ju and BachKhoa Huynh and Abhik Roychoudhury and Samarjit Chakraborty",
	title		= "{Performance Debugging of Esterel Specifications}",
	journal		= {Real-Time Systems},
	volume		= 48,
	number		= 5,
	publisher	= {Springer US},
	year		= 2012,
	pages		= "570 - 600"
}

@inproceedings {
	JuHCR09,
	
	author		= "Lei Ju and Bach Khoa Huynh and Samarjit Chakraborty and Abhik Roychoudhury",
	title		= "{Context-Sensitive Timing Analysis of Esterel Programs}",
	booktitle	= "46th ACM/IEEE Design Automation Conference (DAC)",
	location	= {San Francisco, USA},
	pages		= "870 - 873",
	year		= 2009
} 

@inproceedings{
	timed_ecl,
	
	author		= "Luciano Lavagno and Ellen Sentovich",
	title		= "{ECL: A Specification Environment for System-Level Design}",
	booktitle	= "Proceedings of the 36th annual ACM/IEEE Design Automation Conference (DAC)",
	year		= 1999,
	location	= "New Orleans, USA",
	month		= jun,
}

@article {
	timed_sl, 
	
	author	= "Frederic Boussinot and Robert De Simone", 
	title	= "{The SL Synchronous Language}", 
	journal	= {IEEE Transactions on Software Engineering}, 
	year	= 1996, 
	volume	= 22, 
	number	= 4, 
	pages	= "256 - 266"
}

@unpublished {
	timed_guarded_actions_systemc,
	
	author	= "Jens Brandt and Mike Gemunde and Klaus Schneider",
	title	= "{From Synchronous Guarded Actions to SystemC}",
	year	= 2010,
	note	= "Unpublished paper from the Department of Computer Science, University of Kaiserslautern"
}

@inproceedings {
	timed_synccharts_synchronousc,
	
	author		= "Claus Traulsen and Torsten Amende and Reinhard von Hanxleden", 
	title		= "{Compiling SyncCharts to Synchronous C}", 
	booktitle	= {Design, Automation Test in Europe Conference Exhibition (DATE)},
	year		= 2011, 
	month		= mar, 
	pages		= "1 - 4"
}

@inproceedings {
	timed_synccharts_c_proposal,
	
	author		= "Reinhard von Hanxleden",
	title		= "{SyncCharts in C - A Proposal for Light-Weight, Deterministic Concurrency}",
	booktitle	= {Proceedings of the 9th ACM/IEEE International conference on Embedded software},
	year		= 2009,
	month		= oct,
	location	= "Grenoble, France",
	pages		= "225 - 234"
}

@techreport {
	timed_synccharts_c,
	
	author		= "Reinhard von Hanxleden",
	title		= "{SyncCharts in C}",
	affiliation	= "Institut fur Informatik",
	type		= "Technical Report",
	institution	= "Christian-Albrechts-Universitat zu Kiel",
	number		= "0910",
	year		= 2009,
	month		= sep
}

@techreport {
	timed_multiclock_multithreaded,
	
    title		= "{From Concurrent Multi-Clock Programs to Concurrent Multi-Threaded Implementations}",
    author		= "Virginia Papailiopoulou and Dumitru Potop-Butucaru and Yves Sorel and Robert De Simone and Loic Besnard and Jean-Pierre Talpin",
    affiliation	= {AOSTE - INRIA Rocquencourt / INRIA Sophia Antipolis / Laboratoire I3S - INRIA - Universit\'e de Nice Sophia-Antipolis - CNRS : UMR6070 - ESPRESSO - INRIA - IRISA - CNRS : UMR6074 - INRIA - Institut National des Sciences Appliqu\'ees de Rennes - Universit\'e de Rennes I},
    type		= "Rapport de recherche",
    institution	= {INRIA},
    number		= "RR-7577",
    year		= 2011,
    month		= mar,
}

@inproceedings {
	NataleZ12,
	
	author		= "Marco Di Natale and Haibo Zeng", 
	title		= "{Task Implementation of Synchronous Finite State Machines}", 
	booktitle	= {Design, Automation Test in Europe Conference Exhibition (DATE)}, 
	year		= 2012, 
	pages		= "206 - 211"
}

@article {
	NataleGZS10, 

	author	= "Marco Di Natale and Liangpeng Guo and Haibo Zeng and Alberto Sangiovanni-Vincentelli", 
	title	= "{Synthesis of Multitask Implementations of Simulink Models With Minimum Delays}", 
	journal	= {IEEE Transactions on Industrial Informatics}, 
	year	= 2010, 
	volume	= 6, 
	number	= 4, 
	pages	= "637 - 651"
}

@article {
	BenvenisteCG00,

	author		= "Albert Benveniste and Beno\^{i}t Caillaud and Paul Le Guernic",
	title		= "{Compositionality in Dataflow Synchronous Languages: Specification and Distributed Code Generation}",
	journal		= {Inf. Comput.},
	volume		= 163,
	number		= 1,
	month		= nov,
	year		= 2000,
	issn		= {0890-5401},
	pages		= "125 - 171",
	numpages	= 47,
	publisher	= {Academic Press, Inc.},
	address		= {Duluth, MN, USA}
}

@article {
	GiraultNP06,

	author		= "Alain Girault and Xavier Nicollin and Marc Pouzet",
	title		= "{Automatic Rate Desynchronization of Embedded Reactive Programs}",
	journal		= {ACM Trans. Embed. Comput. Syst.},
	volume		= 5,
	number		= 3,
	month		= aug,
	year		= 2006,
	pages		= "687 - 717",
	numpages	= 31,
	publisher	= {ACM},
	address		= {New York, NY, USA}
} 

@incollection {
	CaspiM05,
	
	author		= "Paul Caspi and Oded Maler",
	title		= "{From Control Loops to Real-Time Programs}",
	year		= 2005,
	isbn		= {978-0-8176-3239-7},
	booktitle	= {Handbook of Networked and Embedded Control Systems},
	series		= {Control Engineering},
	editor		= "Dimitrios Hristu-Varsakelis and William S. Levine",
	publisher	= {Birkhauser Boston},
	pages		= "395 - 418"
}

@article {
	CaspiSST08,

	author		= "Paul Caspi and Norman Scaife and Christos Sofronis and Stavros Tripakis",
	title		= "{Semantics-Preserving Multitask Implementation of Synchronous Programs}",
	journal		= {ACM Trans. Embed. Comput. Syst.},
	volume		= 7,
	number		= 2,
	month		= jan,
	year		= 2008,
	issn		= {1539-9087},
	pages		= "1 - 40",
	articleno	= 15,
	publisher	= {ACM},
	address		= {New York, NY, USA}
} 

@inproceedings {
	ForgetBLP09,

	author    = "Julien Forget and Fr{\'e}d{\'e}ric Boniol and David Lesens and Claire Pagetti",
	title     = "{Implementing Multi-Periodic Critical Systems: from Design to Code Generation}",
	booktitle = {Proceedings FM-09 Workshop on Formal Methods for Aerospace},
	year      = 2009,
	series    = {EPTCS},
	volume    = 20,
	pages     = "34 - 48"
}

@inproceedings {
	ForgetBLP10,

	author		= "Julien Forget and Fr{\'e}d{\'e}ric Boniol and David Lesens and Claire Pagetti",
	title		= "{A Real-Time Architecture Design Language for Multi-Rate Embedded Control Systems}",
	booktitle	= {Proceedings of the ACM Symposium on Applied Computing},
	series		= {SAC},
	year		= 2010,
	location	= {Sierre, Switzerland},
	pages		= "527 - 534",
	numpages	= 8
} 

@article {
	PagettiFBCL11,
	
	author		= "Claire Pagetti and Julien Forget and Fr{\'e}d{\'e}ric Boniol and Mikel Cordovilla and David Lesens",
	title		= "{Multi-task Implementation of Multi-periodic Synchronous Programs}",
	journal		= {Discrete Event Dynamic Systems},
	year		= 2011,
	volume		= 21,
	number		= 3,
	publisher	= {Springer US},
	pages		= "307 - 338"
}

@incollection {
	MandelPP10,
	
	author		= "Louis Mandel and Florence Plateau and Marc Pouzet",
	title		= "{Lucy-n: a n-Synchronous Extension of Lustre}",
	booktitle	= {Mathematics of Program Construction},
	volume		= 6120,
	series		= {Lecture Notes in Computer Science},
	editor		= "Claude Bolduc and Jules Desharnais and Bechir Ktari",
	publisher	= {Springer Berlin Heidelberg},
	pages		= "288 - 309",
	year		= 2010
}

@incollection {
	JeffayG01,

	author		= "Kevin Jeffay and Steve Goddard",
	title		= "{Rate-Based Resource Allocation Models for Embedded Systems}",
	booktitle	= {Embedded Software},
	volume		= 2211,
	series		= {Lecture Notes in Computer Science},
	editor		= "Thomas A. Henzinger and Christoph M. Kirsch",
	publisher	= {Springer Berlin Heidelberg},
	pages		= "204 - 222",
	year		= 2001
}

@inproceedings {
	JeffayG99, 

	author		= "Kevin Jeffay and Steve Goddard",
	title		= "{A Theory of Rate-Based Execution}", 
	booktitle	= {Proceedings of the 20th IEEE Real-Time Systems Symposium}, 
	year		= 1999, 
	pages		= "304 - 314"
}

@inproceedings {
	GoddardJ98, 
	
	author		= "Steve Goddard and Kevin Jeffay",
	title		= "{Managing Memory Requirements in the Synthesis of Real-Time Systems from Processing Graphs}", 
	booktitle	= {Real-Time Technology and Applications Symposium, 1998. Proceedings. Fourth IEEE}, 
	year		= 1998, 
	pages		= "59 - 70"
}

@inproceedings {
	Jeffay93,

	author		= "Kevin Jeffay",
	title		= "{The Real-Time Producer/Consumer Paradigm: A Paradigm for the Construction of Efficient, Predictable Real-Time Systems}",
	booktitle	= {Proceedings of the ACM/SIGAPP Symposium on Applied Computing: States of the Art and Practice},
	series		= {SAC},
	year		= 1993,
	location	= {Indianapolis, Indiana, USA},
	pages		= "796 - 804",
	numpages	= 9,
	publisher	= {ACM}
} 

@article {
	Goddard01,

	author	= "Steve Goddard and Kevin Jeffay", 
	title	= "{Managing Latency and Buffer Requirements in Processing Graph Chains}",
	volume	= 44, 
	number	= 6, 
	pages	= "486 - 503", 
	year	= 2001, 
	journal	= {The Computer Journal} 
}

@unpublished {
	KlugeGHU14,
	
	author		= "Florian Kluge and Mike Gerdes and Florian Haas and Theo Ungerer",
	title		= "{A Generic Timing Model for Cyber-Physical Systems}",
	note		= "Submitted to RePP 14",
	month		= mar,
	year		= 2014
}

@incollection {
	CaspiMP01,
	
	author		= "Paul Caspi and Christine Mazuet and NatachaReynaud Paligot",
	title		= "{About the Design of Distributed Control Systems: The Quasi-Synchronous Approach}",
	year		= 2001,
	booktitle	= {Computer Safety, Reliability and Security},
	volume		= 2187,
	series		= {Lecture Notes in Computer Science},
	editor		= "Udo Voges",
	publisher	= {Springer Berlin Heidelberg},
	pages		= "215 - 226"
}

@misc {
	simulink,
	
	title	= "{Simulink - Simulation and Model-Based Design}",
	author	= "{The MathWorks, Inc.}",
	day		= 11,
	month	= jun,
	year	= 2014,
	note	= "[Online] http://www.mathworks.com/products/simulink"
}

@inproceedings {
	BriereRPC95,

	author		= "Dominique Bri\`ere and Denis Ribot and Daniel Pilaud and Jean-Louis Camus",
	title		= "{Method and Specification Tools for Airbus On-board Systems}",
 	booktitle	= {Avionics Conference and Exhibition},
	publisher	= {ERA Technology},
	address		= {London, UK},
	year		= 1994,
	month		= dec
}

@inproceedings{
	SouyrisPHJBH05,
	
	author		= "Jean Souyris and Erwan Le Pavec and Guillaume Himbert and Victor J\'egu and Guillaume Borios and Reinhold Heckmann",
	title		= "{Computing the Worst Case Execution Time of an Avionics Program by Abstract Interpretation}",
	booktitle	= {International Workshop on Worst-case Execution Time, WCET'05},
	pages		= "21 - 24",
	address		= {Mallorca, Spain},
	year		= 2005,
	month		= jul
}

@incollection {
	ColacoP03,

	author		= "Jean-Louis Colaço and Marc Pouzet",
	title		= "{Clocks as First Class Abstract Types}",
	year		= 2003,
	booktitle	= {Embedded Software},
	volume		= 2855,
	series		= {Lecture Notes in Computer Science},
	editor		= "Rajeev Alur and Insup Lee",
	publisher	= {Springer Berlin Heidelberg},
	pages		= "134 - 155"
}


# # # # # # # # # # # #
# RTOS
# # # # # # # # # # # #

@article {
	rtos_history,

	title		= "{Real Time Scheduling Theory: A Historical Perspective}",	
	author		= "Lui Sha and Tarek Abdelzaher and Karl-Erik Arzen and Anton Cervin and Theodore Baker and Alan Burns and Giorgio Buttazzo and Marco Caccamo and John Lehoczky and Aloysius K. Mok",
	journal		= {Real-Time Syst.},
	volume		= 28,
	number		= {2-3},
	month		= nov,
	year		= 2004,
	pages		= "101 - 155",
	numpages	= 55,
	publisher	= {Kluwer Academic Publishers},
	address		= {Norwell, MA, USA},
} 

@article {
	LiuL73,
	
	author		= "Chang L. Liu and James W. Layland",
	title		= "{Scheduling Algorithms for Multiprogramming in a Hard-Real-Time Environment}",
	journal		= {Journal of the ACM},
	volume		= 20,
	number		= 1,
	month		= jan,
	year		= 1973,
	pages		= "46 - 61",
	numpages	= 16
} 

@article {
	LeungW82,
	
	author	= "Joseph Y.-T. Leung and Jennifer Whitehead",
	title	= "{On the Complexity of Fixed-Priority Scheduling of Periodic, Real-Time Tasks}",
	journal	= "Performance Evaluation",
	volume	= 2,
	number	= 4,
	pages	= "237 - 250",
	year	= 1982
}

@article {
	DhallL1978,
	
	author		= "Sudarshan K. Dhall and Chang L. Liu",
	title		= "{On a Real-Time Scheduling Problem}",
	journal		= {Operations Research},
	series		= {Scheduling},
	volume		= 26,
	number		= 1,
	pages		= "127 - 140",
	year		= 1978,
	publisher	= {INFORMS}
}

@inproceedings {
	LvGZDYZ09, 

	author		= "Mingsong Lv and Nan Guan and Yi Zhang and Qingxu Deng and Ge Yu and Jianming Zhang", 
	title		= "{A Survey of WCET Analysis of Real-Time Operating Systems}", 
	booktitle	= {International Conference on Embedded Software and Systems (ICESS)}, 
	year		= 2009, 
	pages		= "65 - 72"
}

@incollection {
	SandellEGL06,
	
	author		= "Daniel Sandell and Andreas Ermedahl and Jan Gustafsson and Bjorn Lisper",
	title		= "{Static Timing Analysis of Real-Time Operating System Code}",
	year		= 2006,
	booktitle	= {Leveraging Applications of Formal Methods},
	volume		= 4313,
	series		= {Lecture Notes in Computer Science},
	editor		= "Tiziana Margaria and Bernhard Steffen",
	publisher	= {Springer Berlin Heidelberg},
	pages		= "146 - 160"
}

@inproceedings {
	LvGZCDYY09, 

	author		= "Mingsong Lv and Nan Guan and Yi Zhang and Rui Chen and Qingxu Deng and Ge Yu and Wang Yi", 
	booktitle	= {International Conference on Computational Science and Engineering (CSE)}, 
	title		= "{WCET Analysis of the $\mu$C/OS-II Real-Time Kernel}", 
	year		= 2009, 
	volume		= 2, 
	pages		= "270 - 276"
}

@incollection {
	LeinerSOH07,
	
	author		= "Bernhard Leiner and Martin Schlager and Roman Obermaisser and Bernhard Huber",
	title		= "{A Comparison of Partitioning Operating Systems for Integrated Systems}",
	booktitle	= {Computer Safety, Reliability, and Security},
	volume		= 4680,
	series		= {Lecture Notes in Computer Science},
	editor		= "Francesca Saglietti and Norbert Oster",
	publisher	= {Springer Berlin Heidelberg},
	year		= 2007,
	pages		= "342 - 355"
}

@article {
	rtos_pfair,

	author		= "Sanjoy Baruah and N. Cohen and Charles Plaxton and Donald Varvel",
	title		= "{Proportionate Progress: A Notion of Fairness in Resource Allocation}",
	year		= 1996,
	journal		= {Algorithmica},
	volume		= 15,
	number		= 6,
	publisher	= {Springer-Verlag},
	pages		= "600 - 625"
}

@inproceedings {
	rtos_fairness_tradeoffs, 
	
	author		= "Carlee Joe-Wong and Soumya Sen and Tian Lan and Mung Chiang", 
	booktitle	= {Proceedings of the IEEE INFOCOM}, 
	title		= "{Multi-Resource Allocation: Fairness-Efficiency Tradeoffs in a Unifying Framework}", 
	year		= 2012, 
	pages		= "1206 - 1214", 
}

@inproceedings {
	LanKCS10, 

	author		= "Tian Lan and David Kao and Mung Chiang and Ashutosh Sabharwal", 
	booktitle	= {Proceedings of the IEEE INFOCOM}, 
	title		= "{An Axiomatic Theory of Fairness in Network Resource Allocation}", 
	year		= 2010, 
	pages		= "1-9"
}

@article {
	ColucciaAR12,
	
	author		= "Angelo Coluccia and Alessandro D'Alconzo and Fabio Ricciato",
	title		= "{On the Optimality of Max-Min Fairness in Resource Allocation}",
	journal		= {Annals of Telecommunications - Annales des Telecommunications},
	volume		= 67,
	number		= "1 - 2",
	publisher	= {Springer-Verlag},
	year		= 2012,
	pages		= "15-26"
}

@article {
	KolenLPS07,
	
	author		= "Antoon W. J. Kolen and Jan Karel Lenstra and Christos H. Papadimitriou and Frits C.R. Spieksma",
	title		= "{Interval Scheduling: A Survey}",
	journal		= "Naval Research Logistics",
	volume		= 54,
	number		= 5,
	pages		= "530 - 543",
	month		= aug,
	year		= 2007,
	publisher	= "Wiley Periodicals"
}

@inproceedings {
	AnderssonBJ01, 
	
	author		= "Bjorn Andersson and Sanjoy Baruah and Jan Jonsson", 
	title		= "{Static-Priority Scheduling on Multiprocessors}", 
	booktitle	= {Real-Time Systems Symposium, 2001. (RTSS 2001). Proceedings. 22nd IEEE}, 
	year		= 2001, 
	month		= dec, 
	pages		= "193 - 202"
}

@inproceedings {
	GavruskinKKL14,
	
	author		= "Alexander Gavruskin and Bakhadyr Khoussainov and Mikhail Kokho and Jiamou Liu",
	title		= "{Dynamic Interval Scheduling for Multiple Machines}",
	booktitle	= "25th International Symposium on Algorithms and Computation (ISAAC)",
	month		= dec,
	year		= 2014,
	location	= "Jeonju, Korea"
}

@phdthesis {
	Kwok97,

	author	= "Yu-Kwong Kwok",
	title	= "{High-Performance Algorithms of Compile-Time Scheduling of Parallel Processors}",
	year	= 1997,
	school	= {Hong Kong University of Science and Technology (People's Republic of China)}
} 


# # # # # # # # # # # # #
# Distributed computing
# # # # # # # # # # # # #

@phdthesis {
	distributed_computing_programming_language,
	
	author	= "Raphael Collet",
	title	= "{The Limits of Network Transparency in a Distributed Programming Language}", 
	school	= "{Universit\'e} catholique de Louvain",
	year	= 2007,
	month	= dec,
	url		= "http://www.info.ucl.ac.be/~raph/papers/thesis.pdf",
}

@inproceedings {
	distributed_time_triggered_ethernet,
	
	author		= "Hermann Kopetz",
	title		= "{The Rationale for Time-Triggered Ethernet}",
	booktitle	= {Proceedings of the Real-Time Systems Symposium (RTAS)},
	year		= 2008,
	pages		= "3 - 11",
	publisher	= {IEEE Computer Society}
}

@misc {
	distributed_time_triggered_ethernet_ge,

	title			= "{TTEthernet - A Powerful Network Solution for Advanced Integrated Systems}",
	howpublished	= "White Paper",
	organization	= "GE Fanuc Intelligent Platforms Information Centers",
	year			= 2009,
}

@article{
	distributed_reactive_systems_automatic,
	 
	author	= "Paul Caspi and Alain Girault and Daniel Pilaud", 
	title	= "{Automatic Distribution of Reactive Systems for Asynchronous Networks of Processors}", 
	journal	= {IEEE Transactions on Software Engineering},
	year	= 1999, 
	month	= may, 
	volume	= 25, 
	number	= 3, 
	pages	= "416 - 427"
}

@inproceedings {
	distributed_reactive_systems_execution,
	
	author		= "Paul Caspi and Alain Girault",
	title		= "{Execution of Distributed Reactive Systems}",
	booktitle	= {Proceedings of the First International Euro-Par Conference on Parallel Processing},
	series		= {Euro-Par '95},
	year		= 1995,
	pages		= "15 - 26",
	numpages	= 12,
	publisher	= {Springer-Verlag},
	address		= {London, UK, UK}
} 

@inproceedings {
	distributed_reactive_systems_survey,
	
	author		= "Alain Girault",
	title		= "{A Survey of Automatic Distribution Method for Synchronous Programs}",
	booktitle	= {International Workshop on Synchronous Languages, Applications and Programs, SLAP'05},
	year		= 2005,
	editor		= {F. Maraninchi and M. Pouzet and V. Roy},
	series		= {ENTCS},
	month		= apr,
	publisher	= {Elsevier Science}
}

@incollection {
	distributed_synchronous_dependency_driven,
	
	author		= "Daniel Baudisch and Jens Brandt and Klaus Schneider",
	affiliation	= {Embedded Systems Group, Department of Computer Science, University of Kaiserslautern},
	title		= "{Dependency-Driven Distribution of Synchronous Programs}",
	booktitle	= {Distributed, Parallel and Biologically Inspired Systems},
	series		= {IFIP Advances in Information and Communication Technology},
	editor		= "Mike Hinchey and Bernd Kleinjohann and Lisa Kleinjohann and Peter Lindsay and Franz Rammig and Jon Timmis and Marilyn Wolf",
	publisher	= {Springer Boston},
	pages		= "169 - 180",
	volume		= 329,
	year		= 2010
}

@inproceedings {
	distributed_synchronous_desynchronize_modes,
	
	author		= "Jens Brandt and Mike Gemunde and Klaus Schneider",
	title		= "{Desynchronizing Synchronous Programs by Modes}",
	booktitle	= "9th International Conference on Application of Concurrency to System Design (ACSD)",
	year		= 2009,
	month		= jul,
	pages		= "32 - 41",
}

@inproceedings {
	distributed_synchronous_syndex,
	
	author		= "Thierry Grandpierre and Christophe Lavarenne and Yves Sorel",
	title		= "{Optimized Rapid Prototyping For Real-Time Embedded Heterogeneous Multiprocessors}",
	booktitle	= {Proceedings of 7th International Workshop on Hardware/Software Co-Design, CODES'99 },
	year		= 1999,
	month		= may,
	address		= {Rome, Italy},
}

@inproceedings {
	distributed_synchronous_semantics_preserving,
	
	title		= "{Semantics-Preserving Implementation of Synchronous Specifications Over Dynamic TDMA Distributed Architectures}",
	author		= "Dumitru Potop-Butucaru and Akramul Azim and Sebastian Fischmeister",
	affiliation	= {AOSTE - INRIA Rocquencourt / INRIA Sophia Antipolis / Laboratoire I3S - INRIA - Universit\'e de Nice Sophia-Antipolis - CNRS : UMR6070 - Department of Electrical and Computer Engineering - University of Waterloo, Canada},
	booktitle	= {International Conference on Embedded Software (EMSOFT)},
	publisher	= {ACM},
	pages		= "199 - 208",
	year		= 2010,
	month		= nov
}

@inproceedings {
	YuanYR11, 
	
	author		= "Simon Yuan and Li Hsien Yoong and Partha S. Roop", 
	title		= "{Compiling Esterel for Multi-core Execution}", 
	booktitle	= {14th Euromicro Conference on Digital System Design (DSD)}, 
	year		= 2011, 
	month		= sep, 
	pages		= "727 - 735"
}

@phdthesis {
	Yuan13,

	author	= "Simon Yuan",
	title	= "{Architectures Specific Compilation for Efficient Execution of Esterel}",
	school	= {Electrical and Electronic Engineering, The University of Auckland},
	year	= 2013,
	month	= jul
}


# # # # # # # # # #
# Memory Hierarchy
# # # # # # # # # #

@electronic {
	xilinx_mig,
	
	title	= "{Memory Interface Solutions: User Guide}",
	url		= "http://www.xilinx.com/support/documentation/ip\_documentation/ug086.pdf",
	day		= 2,
	month	= may,
	year	= 2010
}

@techreport {
	memory_transactional_early,

	author		= "Martin Schoeberl and Bent Thomsen and Lone Leth Tomsen",
	title		= "{Towards Transactional Memory for Real-Time Systems}",
	institution	= "Technische Universit{\"a}t Wien, Institut f{\"u}r Technische Informatik",
	address		= "Treitlstr. 1-3/182-1, 1040 Vienna, Austria",
	type		= "Research Report",
	day			= 25,
	month		= feb,
	year		= 2009,
	number		= "19/2009"
}

@inproceedings{
	memory_transactional,
	
	author		= "Martin Schoeberl and Florian Brandner and Jan Vitek",
	title		= "{RTTM: Real-Time Transactional Memory}",
	booktitle	= {Proceedings of the 25th ACM Symposium on Applied Computing (SAC)},
	publisher	= {ACM Press},
	year		= 2010,
	pages		= "326 - 333"
}

@article {
	memory_scratchpad_known_size,
	
	author		= "Sumesh Udayakumaran and Angel Dominguez and Rajeev Barua",
	title		= "{Dynamic Allocation for Scratch-pad Memory using Compile-Time Decisions}",
	journal		= {ACM Trans. Embed. Comput. Syst.},
	volume		= 5,
	number		= 2,
	year		= 2006,
	pages		= "472 - 511",
	publisher	= {ACM}
}

@inproceedings {
	memory_scratchpad_unknown_size,

	author		= "Nghi Nguyen and Angel Dominguez and Rajeev Barua",
	title		= "{Memory Allocation for Embedded Systems with a Compile-Time-Unknown Scratch-Pad Size}",
	booktitle	= {Proceedings of the International Conference on Compilers, Architectures and Synthesis for Embedded Systems (CASES)},
	year		= 2005,
	pages		= "115 - 125",
	location	= {San Francisco, California, USA},
	publisher	= {ACM}
}

@inproceedings {
	memory_scratchpad_predictable,
	
	author		= "Jack Whitham and Neil Audsley",
	title		= "{Implementing Time-Predictable Load and Store Operations}",
	booktitle	= {Proceedings of the 7th ACM International Conference on Embedded software (EMSOFT)},
	year		= 2009,
	pages		= "265 - 274",
	location	= {Grenoble, France},
	publisher	= {ACM}
}

@inproceedings {
	memory_scratchpad_concurrent_allocation,
	
	author		= "Vivy Suhendra and Abhik Roychoudhury and Tulika Mitra",
	title		= "{Scratchpad Allocation for Concurrent Embedded Software}",
	booktitle	= {Proceedings of the 6th IEEE/ACM/IFIP International Conference on Hardware/Software Codesign and System Synthesis (CODES+ISSS)},
	year		= 2008,
	pages		= "37 - 42",
	location	= {Atlanta, GA, USA},
	publisher	= {ACM}
}

@inproceedings {
	KimBCS14,
	
	author		= "Yooseong Kim and David Broman and Jian Cai and Aviral Shrivastava",
	title		= "{WCET-Aware Dynamic Code Management on Scratchpads for Software-Managed Multicores}",
	booktitle	= {Proceedings of the 20th IEEE Real-Time and Embedded Technology and Application Symposium (RTAS)},
	month		= apr,
	year		= 2014,
	location = "Berlin, Germany"
}

@inproceedings {
	GoossensAG13, 
	
	author		= "Sven Goossens and Benny Akesson and Kees Goossens", 
	title		= "{Conservative Open-Page Policy for Mixed Time-Criticality Memory Controllers}", 
	booktitle	= {Design, Automation Test in Europe Conference Exhibition (DATE)}, 
	year		= 2013, 
	pages		= "525 - 530"
}

@article {
	memory_multicore_code_positioning,
	
	author		= "Yiqiang Ding and Wei Zhang",
	title		= "{Multicore-Aware Code Positioning to Improve Worst-Case Performance}",
	journal		= {IEEE International Symposium on Object-Oriented Real-Time Distributed Computing},
	year		= 2011,
	pages		= "225 - 232",
	publisher	= {IEEE Computer Society}
}

@unpublished {
	ZhangD13,
	
	author	= "Wei Zhang and Yiqiang Ding",
	title	= "{Exploiting Hybrid On-Chip Memory Architectures to Balance Time Predictability and Performance}",
	note	= "Submitted to ACM Transactions on Embedded Computing Systems",
	month	= dec,
	year	= 2013
}

@inproceedings {
	memory_shared_cache_bus,
	
	author		= "Sudipta Chattopadhyay and Abhik Roychoudhury and Tulika Mitra",
	title		= "{Modeling Shared Cache and Bus in Multi-cores for Timing Analysis}",
	booktitle	= {Proceedings of the 13th International Workshop on Software \& Compilers for Embedded Systems (SCOPES)},
	year		= 2010,
	pages		= "1 - 10",
	location	= {St. Goar, Germany},
	publisher	= {ACM}
}

@inproceedings {
	memory_buses_optimisation,
	
	author		= "Jakob Rosen and Alexandru Andrei and Petru Eles and Zebo Peng",
	title		= "{Bus Access Optimization for Predictable Implementation of Real-Time Applications on Multiprocessor Systems-on-Chip}",
	booktitle	= {Proceedings of the 28th IEEE International Real-Time Systems Symposium (RTSS)},
	year		= 2007,
	pages		= "49 - 60",
	publisher	= {IEEE Computer Society}
}

@inproceedings{
	memory_buses,
	
	author		= "Alexandru Andrei and Petru Eles and Zebo Peng and Jakob Rosen", 
	title		= "{Predictable Implementation of Real-Time Applications on Multiprocessor Systems-on-Chip}", 
	booktitle	= {Proceedings of the 21st International Conference on VLSI Design (VLSID)},
	year		= 2008, 
	month		= jan, 
	pages		= "103 - 110", 
	publisher	= {IEEE Computer Society}
}

@inproceedings{
	memory_tdma_priority_division,
	
	author		= {Shah, H. and Raabe, A. and Knoll, A.}, 
	title		= "{Priority Division: A High-Speed Shared-Memory Bus Arbitration with Bounded Latency}", 
	booktitle	= {Design, Automation Test in Europe Conference Exhibition (DATE)}, 
	year		= 2011, 
	month		= mar, 
	pages		= "1 - 4"
}

@inproceedings {
	memory_tdma_lottery,
	
	author		= "Kanishka Lahiri and Anand Raghunathan and Ganesh Lakshminarayana",
	title		= "{LOTTERYBUS: A New High-Performance Communication Architecture for System-on-Chip Designs}",
	booktitle	= {Proceedings of the 38th Annual Design Automation Conference},
	series		= {DAC},
	year		= 2001,
	location	= {Las Vegas, Nevada, United States},
	pages		= "15 - 20",
	numpages	= 6,
	publisher	= {ACM}
} 

@techreport {
	memory_tdma_limits,

	title			= "{The Limits of TDMA Based Memory Access Scheduling}",
	author			= "Jack Whitham and Martin Schoeberl",
	institution		= "University of York",
	type			= "Technical Report",
	year			= 2011,
	number			= "YCS-2011-470"
}

@article {
	memory_arbitration_performance,

	author	= "Francesco Poletti and Davide Bertozzi and Alessandro Bogliolo and Luca Benini",
	title	= "{Performance Analysis of Arbitration Policies for SoC Communication Architectures}",
	journal	= {Design Automation for Embedded Systems},
	volume	= 8,
	year	= 2003,
	pages	= "189 - 210"
}

@inproceedings {
	memory_split_cache,

	author		= "Martin Schoeberl",
	title		= "{Time-Predictable Cache Organization}",
	booktitle	= {Proceedings of the Software Technologies for Future Dependable Distributed Systems (STFSSD)},
	year		= 2009,
	pages		= "11 - 16",
	numpages	= 6,
	publisher	= {IEEE Computer Society}
} 

@inproceedings {
	memory_cinderella,

	author		= "Yau-Tsun Steven Li and Sharad Malik and Andrew Wolfe",
	title		= "{Cache Modeling for Real-Time Software: Beyond Direct Mapped Instruction Caches}",
	booktitle	= {Proceedings of the 17th IEEE Real-Time Systems Symposium},
	series		= {RTSS},
	year		= 1996,
	pages		= "254 - 263",
	publisher	= {IEEE Computer Society}
} 

@inproceedings {
	memory_shared_cache_aware_wcrt,
	
    author		= "Huping Ding and Yun Liang and Tulika Mitra",
    title		= "{Shared Cache Aware Task Mapping for WCRT Minimization}",
    booktitle	= "18th Asia and South Pacific Design Automation Conference",
    year		= 2013,
    location	= "Yokohama, Japan"
}

@inproceedings {
	HamannE05, 

	author		= "Arne Hamann and Rolf Ernst", 
	title		= "{TDMA Time Slot and Turn Optimization with Evolutionary Search Techniques}", 
	booktitle	= {Proceedings of the Design, Automation and Test in Europe}, 
	year		= 2005, 
	pages		= "312 - 317"
}


# # # # # # # # # # # # # #
# Reconfigurable hardware
# # # # # # # # # # # # # #

@inproceedings {
	reconfigurable_resilient,
 
	title		= "{Reconfigurable Hardware and Software Architectural Constructs for the Enablement of Resilient Computing Systems}", 
	author		= "Paul L. Master", 
	booktitle	= "Application-specific Systems, Architectures and Processors, 2006. ASAP '06. International Conference on", 
	year		= 2006, 
	month		= sep, 
	pages		= "50--55", 
	doi			= "http://dx.doi.org/10.1109/ASAP.2006.59", 
	ISSN		= "1063-6862",
	publisher	= "IEEE Computer Society",
	address		= "Washington, DC, USA",

}

@phdthesis {
	reconfigurable_verification,

	author	= "Kevin Brandon Camera",
	title	= "{Efficient Programming of Reconfigurable Hardware through Direct Verification}",
	school	= {EECS Department, University of California, Berkeley},
	year	= 2008,
	month	= jun,
	url		= "http://www.eecs.berkeley.edu/Pubs/TechRpts/2008/EECS-2008-80.html",
	number	= "UCB/EECS-2008-80"
}

@inproceedings {
	reconfigurable_trusted_platform,

	author		= "Benjamin Glas and Alexander Klimm and David Schwab and Klaus Muller-Glaser and Jurgen Becker",
	title		= "{A Prototype of Trusted Platform Functionality on Reconfigurable Hardware for Bitstream Updates}",
	booktitle	= "RSP '08: Proceedings of the 2008 The 19th IEEE/IFIP International Symposium on Rapid System Prototyping",
	year		= 2008,
	isbn		= "978-0-7695-3180-9",
	pages		= "135--141",
	doi			= "http://dx.doi.org/10.1109/RSP.2008.24",
	publisher	= {IEEE Computer Society},
	address		= "Washington, DC, USA",
}

@patent {
	reconfigurable_dynamic,

	author		= "Sylvain Martel and Serge R. Lafontaine and Ian W. Hunter",
	assignee	= "Mirage Technologies, Inc.",
	address		= "Newton, MA",
	title		= "{Dynamically reconfigurable hardware system for real-time control of processes}",
	number		= 5887165,
	nationality	= "United States",
	dayfiled	= 20,
	monthfiled	= jun,
	yearfield	= 1997,
	year		= 1999,
	month		= Mar,
	day			= 23,
	url			= "http://www.freepatentsonline.com/5887165.html"
}


@techreport {
	reconfigurable_xilinx,

	title			= "{Remote FPGA Reconfiguration Using MicroBlaze or PowerPC Processors}",
	author			= "KY Park and Hyuk Kim",
	organization	= "Xilinx",
	institution		= "Xilinx",
	type			= "Application Note",
	day				= 9,
	month			= sep,
	year			= 2006,
	url				= "http://www.xilinx.com/support/documentation/application\_notes/ xapp441.pdf",
}

@electronic {
	reconfigurable_altera,

	title	= "{Application Selector Example}",
	author	= "Altera",
	day		= 24,
	month	= apr,
	year	= 2009,
	url		= "http://www.altera.com/support/examples/nios2/exm-demo-loader.html",
}

@article {
	reconfigurable_warp_processor,
	
	author		= "Roman Lysecky and Frank Vahid",
	title		= "{Design and implementation of a MicroBlaze-based warp processor}",
	journal		= {ACM Trans. Embed. Comput. Syst.},
	volume		= 8,
	number		= 3,
	year		= 2009,
	issn		= {1539-9087},
	pages		= "1 - 22",
	doi			= {http://doi.acm.org/10.1145/1509288.1509294},
	publisher	= "ACM",
	address		= {New York, NY, USA},
}

@electronic {
	reconfigurable_nisc,
	
	author	= "{Center for Embedded Computer Systems University of California, Irvine}",
	title	= "{NISC Technology \& Toolset}",
	day		= 19,
	month	= aug,
	year	= 2009,
	url		= "http://www.ics.uci.edu/~nisc/",
}

@inproceedings {
	reconfigurable_nisc_data_path_gen,

	title		= "{Automatic Data Path Generation from C code for Custom Processors}",
	author		= "Jelena Trajkovic and Daniel Gajski",
	booktitle	= {Embedded System Design: Topics, Techniques and Trends},
	year		= 2007,
	pages		= "107 - 120",
	doi			= {10.1007/978-0-387-72258-0_10},
}

@inproceedings {
	reconfigurable_nisc_gnr,
	
	author		= "Bita Gorjiara, Mehrdad Reshadi and Daniel Gajski",
	title		= "{Generic Architecture Description for Retargetable Compilation and Synthesis of Application-Specific Pipelined IPs}",
	booktitle	= {International Conference on Computer Design (ICCD)},
	year		= 2006,
	month		= oct,
	pages		= "356 - 361"
}


@inproceedings {
	reconfigurable_nisc_interrupt,
	
	author		= "Mehrdad Reshadi and Daniel Gajski",
	title		= "{Interrupt and Low-Level Programming Support for Expanding the Application Domain of Statically-Scheduled Horizontal-Microcoded Architectures in Embedded Systems}",
	booktitle	= {Proceedings of the Conference on Design, Automation and Test in Europe (DATE)},
	year		= 2007,
	pages		= "1337 - 1342",
	location	= {Nice, France},
	publisher	= {EDA Consortium}
}

@phdthesis {
	reconfigurable_nisc_mehrdad_thesis,
	
	author		= "Mehrdad Reshadi",
	title		= "{No-instruction-set-computer (NISC) technology modeling and compilation}",
	year		= 2007,
	month		= sep,
	school		= "School of Information and Computer Science, University of California, Irvine",
}

@phdthesis {
	reconfigurable_nisc_bita_gorjiara,
	
	author		= "Bita Gorjiara",
	title		= "{Synthesis and Optimization of Low-Power Custom NISC Processors}",
	year		= 2007,
	month		= dec,
	school		= "Department of Electrical Engineering and Computer Science, University of California, Irvine",
}

@mastersthesis {
	reconfigurable_nisc_karthikeyan_manivannan,
	
	author		= "Karthikeyan Manivannan",
	title		= "{Design and development of a GCC based C front-end for the NISC compiler}",
	school		= "Department of Electrical Engineering and Computer Science, University of California, Irvine",
	year		= 2007,
	month		= aug,
}

@inproceedings {
	reconfigurable_nisc_compilation,
	
	author		= "Mehrdad Reshadi and Daniel Gajski",
	title		= "{A Cycle-Accurate Compilation Algorithm for Custom Pipelined Datapaths}",
	booktitle	= {Proceedings of the 3rd IEEE/ACM/IFIP International Conference on Hardware/Software Codesign and System Synthesis (CODES+ISSS)},
	year		= 2005,
	pages		= "21 - 26",
	location	= {Jersey City, NJ, USA},
	publisher	= {ACM}
}

@inproceedings {
	reconfigurable_nisc_compilation_1,
	
	author		= "Mehrdad Reshadi and Bita Gorjiara and Daniel Gajski",
	title		= "{Utilizing Horizontal and Vertical Parallelism with a No-Instruction-Set Compiler for Custom Datapaths}",
	booktitle	= {Proceedings of the International Conference on Computer Design (ICCD)},
	year		= 2005,
	pages		= "69 - 76",
	publisher	= {IEEE Computer Society}
}

@inproceedings {
	ReshadiGG08, 

	author		= "Reshadi, M. and Gorjara, B. and Gajski, D.", 
	title		= "{C-Based Design Flow: A Case Study on G.729A for Voice over Internet Protocol (VoIP)}", 
	booktitle	= {45th ACM/IEEE Design Automation Conference (DAC)}, 
	year		= 2008, 
	month		= jun, 
	pages		= "72 - 75"
}

@article {
	reconfigurable_visc,
	
	author		= "Jack Liu and Fred Chow and Timothy Kong and Rupan Roy",
	title		= "{Variable Instruction Set Architecture and Its Compiler Support}",
	journal		= {IEEE Trans. Comput.},
	volume		= 52,
	number		= 7,
	year		= 2003,
	issn		= {0018-9340},
	pages		= "881 - 895",
	doi			= {http://dx.doi.org/10.1109/TC.2003.1214337},
	publisher	= {IEEE Computer Society},
	address		= {Washington, DC, USA},
}



# # # # # # # # # # # # # #
# Multithreaded processors
# # # # # # # # # # # # # #

@book {
	multithreading_cpu_overview,
	
	author		= "David A. Patterson and John L. Hennessy",
	title		= "{Computer Architecture: A Quantitative Approach}",
	year		= 1990,
	isbn		= {1-55880-069-8},
	publisher	= {Morgan Kaufmann Publishers Inc.},
	address		= {San Francisco, CA, USA},
}

@article {
	multithreading_multicore,
	
	author	= "Geoffrey Blake and Ronald G. Dreslinski and Trevor Mudge",
	title	= "{A Survey of Multicore Processors}",
	journal	= {IEEE Signal Processing Magazine}, 
	year	= 2009,
	month	= nov,
	volume	= 26,
	number	= 6,
	pages	= "26 - 37",
	doi		={10.1109/MSP.2009.934110},
	ISSN	={1053-5888},
}

@inproceedings {
	multithreading_intel_scc, 
	
	author		= "Jason Howard and Saurabh Dighe and Yatin Hoskote and Sriram Vangal and David Finan and Gregory Ruhl and 
				   David Jenkins and Howard Wilson and Nitin Borkar and Gerhard Schrom and Fabrice Pailet and Shailendra Jain and 
				   Tiju Jacob and Satish Yada and Sraven Marella and Praveen Salihundam and Vasantha Erraguntla and Michael Konow and
				   Michael Riepen and Guido Droege and Joerg Lindemann and Matthias Gries and Thomas Apel and Kersten Henriss and 
				   Tor Lund-Larsen and Sebastian Steibl and Shekhar Borkar and Vivek De and Rob Van Der Wijngaart and Timothy Mattson",
	booktitle	= {Solid-State Circuits Conference Digest of Technical Papers (ISSCC), 2010 IEEE International}, 
	title		= "{A 48-Core IA-32 message-passing processor with DVFS in 45nm CMOS}", 
	year		= 2010, 
	month		= feb, 
	pages		= "108 - 109", 
}

@article {
	multithreading_multicore_parallelism,
	
	author		= "Angela Sodan and Jacob Machina and Arash Deshmeh and Kevin Macnaughton and Bryan Esbaugh",
	title		= "{Parallelism via Multithreaded and Multicore CPUs}",
	journal		= {Computer},
	volume		= 43,
	number		= 3,
	issn		= {0018-9162},
	month		= mar,
	year		= 2010,
	pages		= "24 - 32", 
	publisher	= {IEEE Computer Society},
	address		= {Los Alamitos, CA, USA},
}

@article {
	multithreading_multicore_issues,

	author	= "Markus Levy and Thomas M. Conte",
	title	= "{Embedded Multicore Processors and Systems}",
	journal	= {IEEE Micro},
	year	= 2009,
	volume	= 29,
	number	= 3,
	pages	= "7 - 9"
}

@article {
	multithreading_explicit,
	
	author		= "Theo Ungerer and Borut Robi\v{c} and Jurij \v{S}ilc",
	title		= "{A survey of processors with explicit multithreading}",
	journal		= {ACM Comput. Surv.},
	volume		= 35,
	number		= 1,
	year		= 2003,
	issn		= {0360-0300},
	pages		= "29 - 63",
	doi			= {http://doi.acm.org/10.1145/641865.641867},
	publisher	= {ACM},
	address		= {New York, NY, USA},
}

@article {
	multithreading_superscalar_cmp,

	author	= "Chao-Chin Wu",
	title	= "{Embedding a superscalar processor onto a chip multiprocessor}",
	journal	= "Microprocessors and Microsystems",
	volume	= 28,
	number	= 4,
	pages	= "147 - 156",
	year	= 2004,
	issn	= "0141-9331",
	doi		= "DOI: 10.1016/j.micpro.2004.02.002",
}

@inproceedings {
	multithreading_hybrid_vliw,
	
	author		= "Manoj Gupta and Fermin Sanchez and Josep Llosa",
	title		= "{Hybrid multithreading for VLIW processors}",
	booktitle	= {Proceedings of the International Conference on Compilers, Architecture, and Synthesis for Embedded Systems (CASES)},
	year		= 2009,
	pages		= "37 - 46",
	location	= {Grenoble, France},
	publisher	= {ACM}
}

@inproceedings {
	multithreading_microblaze,
	
	author		= "Roger Moussali and Nabil Ghanem and Mazen A. R. Saghir",
	title		= {Supporting multithreading in configurable soft processor cores},
	booktitle	= {Proceedings of the International Conference on Compilers, Architecture, and Synthesis for Embedded systems (CASES)},
	year		= 2007,
	pages		= "155 - 159",
	location	= {Salzburg, Austria},
	publisher	= {ACM}
}

@inproceedings {
	multithreading_fast_critical_sections,
	
	author		= "Martin Labrecque and J. Gregory Steffan",
	title		= "{Fast critical sections via thread scheduling for FPGA-based multithreaded processors}",
	booktitle	= {Field Programmable Logic and Applications, 2009. FPL 2009. International Conference on},
	year		= 2009,
	month		= sep,
	day			= 31,
	pages		= {18 - 25},
	doi			= {10.1109/FPL.2009.5272561},
	ISSN		= {1946-1488},
}

@inproceedings {
	multithreading_designing_predictable,
	
	author		= "Reinhard Wilhelm and Christian Ferdin and Christoph Cullmann and Daniel Grund and Jan Reineke and Benoit Triquet",
	title		= "{Designing Predictable Multicore Architectures for Avionics and Automotive Systems}",
	booktitle	= {Workshop on Reconciling Performance with Predictability (RePP)},
	year		= 2009
}

@article {
	multithreading_designing_automotive,
	
	author	= {Obermaisser, R. and El Salloum, C. and Huber, B. and Kopetz, H.}, 
	title	= "{From a Federated to an Integrated Automotive Architecture}", 
	journal	= {IEEE Transactions on Computer-Aided Design of Integrated Circuits and Systems}, 
	year	= 2009, 
	month	= jul, 
	volume	= 28, 
	number	= 7, 
	pages	= "956 - 965", 
}

@article {
	multithreading_designing_predictable_considerations,
	
	author	= "Christoph Cullmann and Christian Ferdinand and Gernot Gebhard and Daniel Grund and Claire Maiza Burguiere and Jan Reineke and Benoit Triquet and Reinhard Wilhelm",
	title	= "{Predictability Considerations in the Design of Multi-Core Embedded Systems}",
	journal	= {Embedded Real Time Software and Systems (ERTS)}, 
	year	= 2010
}

@inproceedings {
	multithreading_timing_analysability,
	
	author		= "Christine Rochange",
	title		= "{An Overview of Approaches Towards the Timing Analysability of Parallel Architecture}",
	booktitle	= {Bringing Theory to Practice: Predictability and Performance in Embedded Systems},
	pages		= "32 - 41",
	series		= {OpenAccess Series in Informatics (OASIcs)},
	year		= 2011,
	volume		= 18,
	editor		= "Philipp Lucas and Lothar Thiele and Benoit Triquet and Theo Ungerer and Reinhard Wilhelm",
	publisher	= {Schloss Dagstuhl--Leibniz-Zentrum fuer Informatik}
}

@article {
	multithreading_shared_resources_criticality,

	author		= "Petar Radojkovi\'{c} and Sylvain Girbal and Arnaud Grasset and Eduardo Qui\~{n}ones and Sami Yehia and Francisco J. Cazorla",
	title		= "{On the Evaluation of the Impact of Shared Resources in Multithreaded COTS Processors in Time-Critical Environments}",
	journal		= {ACM Trans. Archit. Code Optim.},
	volume		= 8,
	number		= 4,
	month		= jan,
	year		= 2012,
	pages		= "34:1 - 34:25",
	articleno	= 34,
	numpages	= 25,
	publisher	= {ACM},
	address		= {New York, NY, USA}
} 

@incollection{
	multithreading_predictable_multiprocessor,

	author		= "Marco Bekooij and Orlando Moreira and Peter Poplavko and Bart Mesman and Milan Pastrnak and Jef Meerbergen",
	title		= "{Predictable Embedded Multiprocessor System Design}",
	booktitle	= {Software and Compilers for Embedded Systems},
	volume		= 3199,
	series		= {Lecture Notes in Computer Science},
	editor		= "Henk Schepers",
	publisher	= {Springer Berlin Heidelberg},
	year		= 2004,
	pages		= "77 - 91"
}

@incollection {
	KastnerSPCGHF12,

	author		= "Daniel Kastner and Marc Schlickling and Markus Pister and Christoph Cullmann and Gernot Gebhard and Reinhold Heckmann and Christian Ferdinand",
	title		= "{Meeting Real-Time Requirements with Multi-Core Processors}",
	booktitle	= {Computer Safety, Reliability, and Security},
	volume		= 7613,
	series		= {Lecture Notes in Computer Science},
	editor		= "Frank Ortmeier and Peter Daniel",
	publisher	= {Springer Berlin Heidelberg},
	year		= 2012,
	pages		= "117 - 131"
}

@inproceedings {
	multithreading_synchronisation,
	
	author		= "Christian Stoif and Martin Schoeberl and Benito Liccardi and Jan Haase",
	title		= "{Hardware Synchronization for Embedded Multi-Core Processors}",
	booktitle	= {Proceedings of the 2011 IEEE International Symposium on Circuits and Systems (ISCAS 2011)},
	year		= 2011,
	url			= "http://www.jopdesign.com/doc/SynMCPs.pdf"
}

@article {
	multithreading_amdahls_era, 
	
	author	= "Mark D. Hill and Michael R. Marty", 
	journal	= {Computer}, 
	title	= "{Amdahl's Law in the Multicore Era}", 
	year	= 2008, 
	month	= jul, 
	volume	= 41, 
	number	= 7, 
	pages	= "33 - 38"
}

@article {
	multithreading_amdahls_reevaluation,
	
	author		= "Xian-He Sun and Yong Chen",
	title		= "{Reevaluating Amdahl's law in the multicore era}",
	journal		= {J. Parallel Distrib. Comput.},
	volume		= 70,
	number		= 2,
	month		= feb,
	year		= 2010,
	pages		= "183 - 188",
	numpages	= 6,
	publisher	= {Academic Press, Inc.},
	address		= {Orlando, FL, USA}
} 

@inproceedings {
	GottliebGKMRS98,

	author		= "Allan Gottlieb and Ralph Grishman and Clyde P. Kruskal and Kevin P. McAuliffe and Larry Rudolph and Marc Snir",
	title		= "{The NYU Ultracomputer - Designing a MIMD, Shared-Memory Parallel Machine}",
	booktitle	= {25 Years of the International Symposia on Computer Architecture (Selected Papers)},
	series		= {ISCA '98},
	year		= 1998,
	location	= {Barcelona, Spain},
	pages		= "239 - 254",
	numpages	= 16,
	publisher	= {ACM},
	address		= {New York, NY, USA}
} 

@article {
	Schwartz80,

	author		= "Jacob T. Schwartz",
	title		= "{Ultracomputers}",
	journal		= {ACM Trans. Program. Lang. Syst.},
	volume		= 2,
	number		= 4,
	month		= oct,
	year		= 1980,
	pages		= "484 - 521",
	numpages	= 38,
	publisher	= {ACM},
	address		= {New York, NY, USA}
} 


# # # # # # # # # # # # # #
# Control systems
# # # # # # # # # # # # # #

@inproceedings {
	SetoLSS96,
	 
	author		= "Danbing Seto and John P. Lehoczky and Lui Sha and Kang G. Shin", 
	title		= "{On Task Schedulability in Real-Time Control Systems}",
	booktitle	= {Real-Time Systems Symposium, 1996., 17th IEEE}, 
	year		= 1996, 
	pages		= "13 - 21"
}


# # # # # # # # # # # # # #
# Safety-critical systems
# # # # # # # # # # # # # #

@misc {
	DO-178B,
	
	author	= "{Radio Technical Commission for Aeronautics}",
	title	= "{Software Considerations in Airborne Systems and Equipment Certification}",
	note	= "Standard DO-178B",
	year	= 1992,
	month	= apr
}

@misc {
	IEC61508,
	
	author	= "{International Electrotechnical Commission}",
	title	= "{IEC 61508: Functional Safety of Electrical/Electronic/Programmable Electronic Safety-Related Systems}",
	edition	= 2,
	year	= 2010,
	month	= apr,
	note	= "Standard"
}

@misc {
	ISO26262,
	
	title	= "{ISO 26262-1:2011}",
	author	= "{ISO/TC22/SC3}",
	year	= 2011,
	note	= "Standard"
}

@article {
	BujaM12, 
	
	author	= "Giuseppe Buja and Roberto Menis", 
	title	="{Dependability and Functional Safety: Applications in Industrial Electronics Systems}", 
	journal	= {IEEE Industrial Electronics Magazine}, 
	year	= 2012, 
	volume	= 6, 
	number	= 3, 
	pages	= "4 - 12"
}

@article {
	Teich12, 

	author	= "Jurgen Teich", 
	title	= "{Hardware/Software Codesign: The Past, the Present, and Predicting the Future}", 
	journal	= {Proceedings of the IEEE}, 
	year	= 2012, 
	month	= may, 
	volume	= 100, 
	note	= "{Special Centennial Issue}", 
	pages	= "1411 - 1430"
}

@inproceedings {
	safety_critical_tacmu,

	author		= "Marco Paolieri and Riccardo Mariani",
	title		= "{Towards Functional-Safe Timing-Dependable Real-Time Architectures}",
	booktitle	= {17th IEEE International On-Line Testing Symposium (IOLTS)},
	location	= "Athens, Greece",
	year		= 2011,
	pages		= "31 - 36"
}

@inproceedings {
	safety_critical_challenges_directions, 
	
	author		= "John C. Knight", 
	booktitle	= {Software Engineering, 2002. ICSE 2002. Proceedings of the 24rd International Conference on}, 
	title		= "{Safety Critical Systems: Challenges and Directions}", 
	year		= 2002, 
	month		= may,
	pages		= "547 - 550", 
}

@article {
	AlemzadehIKR13, 

	author		= "Homa Alemzadeh and Ravishankar K. Iyer and Zbigniew Kalbarczyk and Jai Raman", 
	title		= "{Analysis of Safety-Critical Computer Failures in Medical Devices}", 
	journal		= {IEEE Security Privacy}, 
	year		= 2013, 
	volume		= 11, 
	number		= 4, 
	pages		= "14 - 26"
}

@misc {
	safety_critical_pathfinder_inversion,
	
	title	= "{What Really Happened on Mars? -- Authoritative Account}",
	author	= "Glenn E. Reeves",
	day		= 12,
	month	= nov,
	year	= 2012,
	note	= "[Online] http://research.microsoft.com/en-us/um/people/mbj/mars\_pathfinder/Authoritative\_Account.html",
}

@inproceedings {
	safety_critical_pathfinder_testing, 
	
	author		= "Brian K. Muirhead", 
	title		= "{Mars Pathfinder Flight System Integration and Test}", 
	booktitle	= {Proceedings of the IEEE Aerospace Conference}, 
	year		= 1997, 
	month		= feb, 
	volume		= 4, 
	pages		= "191 - 205"
}

@inproceedings {
	safety_critical_pathfinder_implementation, 

	author		= "Brian K. Muirhead", 
	title		= "{Mars Pathfinder Flight System Design and Implementation}", 
	booktitle	= {Proceedings of the IEEE Aerospace Applications Conference}, 
	year		= 1996, 
	month		= feb, 
	volume		= 2,  
	pages		= "159 - 171", 
}

@electronic {
	safety_critical_pathfinder_monitoring,
	
	author	= "Klaus Havelund and Alex Groce and Margaret Smith and Howard Barringer",
	title	= "{Monitoring the Execution of Space Craft Flight Software}",
	url		= "http://compass.informatik.rwth-aachen.de/ws-slides/havelund.pdf",
	year	= 2009
}

@article {
	safety_critical_log_files,
	
    author	= "Howard Barringer and Alex Groce and Klaus Havelund and Margaret Smith",
    title	= "{Formal Analysis of Log Files}",
    journal	= {AIAA Journal of Aerospace Computing, Information and Communications},
    year	= 2010
}

@article {
	Dunn03, 

	author	= "William R. Dunn", 
	journal	= {Computer}, 
	title	= "{Designing Safety-Critical Computer Systems}", 
	year	= 2003, 
	volume	= 36, 
	number	= 11, 
	pages	= "40 - 46"
}

@article {
	Schmidt06,
	
	author		= "Douglas C. Schmidt",
	title		= "{Guest Editor's Introduction: Model-Driven Engineering}",
	journal		= {Computer},
	volume		= 39,
	number		= 2,
	month		= feb,
	year		= 2006,
	pages		= "25 - 31",
	numpages	= 7,
	publisher	= {IEEE Computer Society Press},
	address		= {Los Alamitos, CA, USA}
} 

@incollection {
	JiangPMAM12,

	author		= "Zhihao Jiang and Miroslav Pajic and Salar Moarref and Rajeev Alur and Rahul Mangharam",
	title		= "{Modeling and Verification of a Dual Chamber Implantable Pacemaker}",
	booktitle	= {Tools and Algorithms for the Construction and Analysis of Systems},
	volume		= 7214,
	series		= {Lecture Notes in Computer Science},
	editor		= "Cormac Flanagan and Barbara Konig",
	publisher	= {Springer Berlin Heidelberg},
	year		= 2012,
	pages		= "188 - 203"
}

@inproceedings {
	SinghWC12,
	
	author		= "Neeraj Kumar Singh and Andy Wellings and Ana Cavalcanti",
	title		= "{The Cardiac Pacemaker Case Study and Its Implementation in Safety-critical Java and Ravenscar Ada}",
	booktitle	= {Proceedings of the 10th International Workshop on Java Technologies for Real-time and Embedded Systems},
	series		= {JTRES},
	year		= 2012,
	location	= {Copenhagen, Denmark},
	pages		= "62 - 71",
	numpages	= 10,
	publisher	= {ACM}
}

@misc {
	BostonAdvantio,
	
	author	= "{Boston Scientific Corporation}",
	title	= "{ADVANTIO\texttrademark{} Pacing System}",
	year	= 2012,
	note	= "[Online] http://www.bostonscientific.com/templatedata/imports/Microsite/cardiac-rhythm-resources/downloads/CRM/spec-ADVANTIO-US-43802.pdf"
}


# # # # # # # # # #
# Mixed-criticality
# # # # # # # # # #

@inproceedings {
	Lee08,
	
	author		= "Edward A. Lee", 
	title		= "{Cyber Physical Systems: Design Challenges}", 
	booktitle	= {11th IEEE International Symposium on Object Oriented Real-Time Distributed Computing (ISORC)}, 
	year		= 2008, 
	month		= may, 
	pages		= "363 - 369"
}

@incollection {
	AlurCHH93,

	title		= "{Hybrid Automata: An Algorithmic Approach to the Specification and Verification of Hybrid Systems}",
	author		= "Rajeev Alur and Costas Courcoubetis and Thomas A. Henzinger and Pei-Hsin Ho",
	year		= 1993,
	booktitle	= {Hybrid Systems},
	volume		= 736,
	series		= {Lecture Notes in Computer Science},
	editor		= "Robert L. Grossman and Anil Nerode and Anders P. Ravn and Hans Rischel",
	publisher	= {Springer Berlin Heidelberg},
	pages		= "209 - 229",
}

@unpublished {
	BurnsD13,
	
	author		= "Alan Burns and Rob Davis",
	title		= "{Mixed Criticality Systems - A Review}",
	note		= "http://www-users.cs.york.ac.uk/$\sim$burns/review.pdf",
	month		= jul,
	year		= 2013
}

@inproceedings {
	Vestal07, 

	author		= "Steve Vestal", 
	title		= "{Preemptive Scheduling of Multi-criticality Systems with Varying Degrees of Execution Time Assurance}", 
	booktitle	= {28th Real-Time Systems Symposium (RTSS)}, 
	year		= 2007, 
	pages		= "239 - 243"
}

@inproceedings {
	PellizzoniMNSCS09,

	author		= "Rodolfo Pellizzoni and Patrick Meredith and Min-Young Nam and Mu Sun and Marco Caccamo and Lui Sha",
	title		= "{Handling Mixed-Criticality in SoC-Based Real-Time Embedded Systems}",
	booktitle	= {Proceedings of the 7th ACM International Conference on Embedded Software},
	series		= {EMSOFT},
	year		= 2009,
	location	= "Grenoble, France",
	pages		= "235 - 244",
	numpages	= 10,
	publisher	= {ACM}
} 

@incollection {
	HuhnB13,
	
	author		= "Michaela Huhn and Sara Bessling",
	title		= "{Enhancing Product Line Development by Safety Requirements and Verification}",
	booktitle	= {Foundations of Health Information Engineering and Systems},
	year		= 2013,
	volume		= 7789,
	series		= {Lecture Notes in Computer Science},
	editor		= "Jens Weber and Isabelle Perseil",
	publisher	= {Springer Berlin Heidelberg},
	pages		= "37 - 54"
}

@misc {
	scade,
	
	author	= "{Esterel Technologies}",
	title	= "{Critical Systems and Software Development Solutions}",
	note	= "[Online] http://www.esterel-technologies.com",
	day		= 18,
	month	= jun,
	year	= 2014
}

@inproceedings {
	Baruah12,
	
	author		= "Sanjoy K. Baruah",
	title		= "{Semantics-Preserving Implementation of Multirate Mixed-Criticality Synchronous Programs}",
	booktitle	= {20th International Conference on Real-Time and Network Systems (RTNS)},
	year		= 2012,
	pages		= "11 - 19"
}

@unpublished {
	Baruah13,
	
	author		= "Sanjoy Baruah",
	title		= "{Implementing Mixed-Criticality Synchronous Reactive Systems Upon Multiprocessor Platforms}",
	note		= "Submitted to ECRTS 13",
	month		= apr,
	year		= 2013
}

@inproceedings {
	SuZ13, 

	author		= "Hang Su and Dakai Zhu", 
	title		= "{An Elastic Mixed-Criticality Task Model and its Scheduling Algorithm}", 
	booktitle	= {Design, Automation Test in Europe Conference Exhibition (DATE)}, 
	year		= 2013, 
	pages		= "147 - 152", 
}

@inproceedings {
	SuZM13,
	
	author		= "Hang Su and Dakai Zhu and Daniel Mosse",
	title		= "{Scheduling Algorithms for Elastic Mixed-Criticality Tasks in Multicore Systems}",
	booktitle	= {IEEE 19th International Conference on Embedded and Real-Time Computing Systems and Applications (RTCSA)}, 
	year		= 2013,
	month		= aug,
	pages		= "352 - 357"
}

@inproceedings {
	MollisonEABS10, 

	author		= "Malcolm S. Mollison and Jeremy P. Erickson and James H. Anderson and Sanjoy K. Baruah and John A. Scoredos", 
	title		= "{Mixed-Criticality Real-Time Scheduling for Multicore Systems}",
	booktitle	= {IEEE 10th International Conference on Computer and Information Technology (CIT)}, 
	year		= 2010, 
	pages		= "1864 - 1871"
}

@inproceedings {
	HermanKMAJ12,
	 
	author		= "Jonathan L. Herman and Christopher J. Kenna and Malcolm S. Mollison and James H. Anderson and Daniel M. Johnson", 
	title		= "{RTOS Support for Multicore Mixed-Criticality Systems}", 
	booktitle	= {IEEE 18th Real-Time and Embedded Technology and Applications Symposium (RTAS)}, 
	year		= 2012, 
	pages		= "197 - 208"
}

@inproceedings {
	EkbergY12, 
	
	author		= "Pontus Ekberg and Wang Yi", 
	title		= "{Bounding and Shaping the Demand of Mixed-Criticality Sporadic Tasks}", 
	booktitle	= {24th Euromicro Conference on Real-Time Systems (ECRTS)}, 
	year		= 2012, 
	pages		= "135 - 144"
}

@inproceedings {
	BaruahBD11, 
	
	author		= "Sanjoy K Baruah and Alan Burns and R. I. Davis", 
	title		= "{Response-Time Analysis for Mixed Criticality Systems}", 
	booktitle	= {IEEE 32nd Real-Time Systems Symposium (RTSS)}, 
	year		= 2011, 
	pages		= "34 - 43"
}

@inproceedings {
	LiB12, 

	author		= "Haohan Li and Sanjoy Baruah", 
	title		= "{Global Mixed-Criticality Scheduling on Multiprocessors}", 
	booktitle	= {Real-Time Systems (ECRTS), 2012 24th Euromicro Conference on}, 
	year		= 2012, 
	pages		= "166 - 175"
}

@article {
	BaruahCLS13,

	title		= "{Mixed-Criticality Scheduling on Multiprocessors}",
	author		= "Sanjoy Baruah and Bipasa Chattopadhyay and Haohan Li and Insik Shin",
	journal		= {Real-Time Systems},
	publisher	= {Springer US},
	year		= 2013,
	pages		= "1 - 36"
}

@inproceedings {
	ZhaoGZ13, 

	author		= "Qingling Zhao and Zonghua Gu and Haibo Zeng", 
	title		= "{PT-AMC: Integrating Preemption Thresholds into Mixed-Criticality Scheduling}", 
	booktitle	= {Design, Automation Test in Europe Conference Exhibition (DATE)}, 
	year		= 2013, 
	pages		= "141 - 146"
}

@inproceedings {
	NizLR09, 

	author		= "Dionisio de Niz and Karthik Lakshmanan and Ragunathan Rajkumar", 
	title		= "{On the Scheduling of Mixed-Criticality Real-Time Task Sets}", 
	booktitle	= {Proceedings of the 30th IEEE Real-Time Systems Symposium (RTSS)}, 
	year		= 2009, 
	pages		= "291 - 300"
}

@inproceedings {
	HuangGL12, 

	author		= "Huang-Ming Huang and Christopher Gill and Chenyang Lu", 
	title		= "{Implementation and Evaluation of Mixed-Criticality Scheduling Approaches for Periodic Tasks}", 
	booktitle	= {IEEE 18th Real-Time and Embedded Technology and Applications Symposium (RTAS)}, 
	year		= 2012, 
	pages		= "23 - 32"
}

@inproceedings {
	BaruahF11,

	author		= "Sanjoy Baruah and Gerhard Fohler", 
	title		= "{Certification-Cognizant Time-Triggered Scheduling of Mixed-Criticality Systems}", 
	booktitle	= {IEEE 32nd Real-Time Systems Symposium (RTSS)}, 
	year		= 2011, 
	pages		= "3 - 12"
}

@inproceedings {
	SinghJ07, 

	author		= "Abhishek Singh and Kevin Jeffay", 
	title		= "{Co-Scheduling Variable Execution Time Requirement Real-Time Tasks and Non Real-Time Tasks}", 
	booktitle	= {19th Euromicro Conference on Real-Time Systems (ECRTS)}, 
	year		= 2007, 
	pages		= "191 - 200"
}

@article {
	Lakshmanan13,

	author		= "Karthik Lakshmanan and Dionisio De Niz and Ragunathan Rajkumar and Gabriel Moreno",
	title		= "{Overload Provisioning in Mixed-Criticality Cyber-Physical Systems}",
	journal		= {ACM Trans. Embed. Comput. Syst.},
	volume		= 11,
	number		= 4,
	month		= jan,
	year		= 2013,
	pages		= "1 - 24",
	articleno	= 83,
	numpages	= 24,
	publisher	= {ACM},
	address		= {New York, NY, USA}
} 

@inproceedings {
	NizWSRR12,
 
	author		= "Dionisio de Niz and Lutz Wrage and Nathaniel Storer and Anthony Rowe and Ragunathan Rajkumar", 
	title		= "{On Resource Overbooking in an Unmanned Aerial Vehicle}", 
	booktitle	= {IEEE/ACM Third International Conference on Cyber-Physical Systems (ICCPS)}, 
	year		= 2012, 
	pages		= "97 - 106"
}

@inproceedings {
	LakshmananNR11,
 
	author		= "Karthik Lakshmanan and Dionisio de Niz and Ragunathan Rajkumar", 
	title		= "{Mixed-Criticality Task Synchronization in Zero-Slack Scheduling}", 
	booktitle	= {17th IEEE Real-Time and Embedded Technology and Applications Symposium (RTAS)}, 
	year		= 2011, 
	pages		= "47 - 56"
}

@inproceedings {
	GoswamiLSC12,
 
	author		= "Dip Goswami and Martin Lukasiewycz and Reinhard Schneider and Samarjit Chakraborty", 
	title		= "{Time-Triggered Implementations of Mixed-Criticality Automotive Software}", 
	booktitle	= {Design, Automation Test in Europe Conference Exhibition (DATE)}, 
	year		= 2012, 
	month		= mar, 
	pages		= "1227 - 1232", 
}

@inproceedings {
	PopEP02, 
	
	author		= "Traian Pop and Petru Eles and Zebo Peng", 
	title		= "{Holistic Scheduling and Analysis of Mixed Time/Event-Triggered Distributed Embedded Systems}", 
	booktitle	= {Proceedings of the 10th International Symposium on Hardware/Software Codesign (CODES)}, 
	year		= 2002, 
	pages		= "187 - 192", 
}

@inproceedings {
	Steiner11, 

	author		= "Wilfried Steiner", 
	title		= "{Synthesis of Static Communication Schedules for Mixed-Criticality Systems}", 
	booktitle	= {14th IEEE International Symposium on Object/Component/Service-Oriented Real-Time Distributed Computing Workshops (ISORCW)}, 
	year		= 2011, 
	pages		= "11 - 18", 
}
