# # # # # # # # # # # #
# System Level Design
# # # # # # # # # # # #

@inproceedings {
	sld_complexity,
	
	author		= "Hermann Kopetz",
	title		= "{The Complexity Challenge in Embedded System Design}",
	booktitle	= {Proceedings of the 11th IEEE Symposium on Object Oriented Real-Time Distributed Computing (ISORC)},
	year		= 2008,
	pages		= "3 - 12",
	publisher	= {IEEE Computer Society}
}

@electronic {
	sld_systemc,
	
	title	= "{About SystemC}",
	author	= "{Open SystemC (OSCI)}",
	day		= 2,
	month	= aug,
	year	= 2009,
	url		= "http://www.systemc.org/community/about\_systemc/"
}

@inproceedings {
	sld_systemc_model_checking,
	
	author		= "Paula Herber and Joachim Fellmuth and Sabine Glesner",
	title		= "{Model Checking SystemC Designs Using Timed Automata}",
	booktitle	= {CODES+ISSS '08: Proceedings of the 6th IEEE/ACM/IFIP international conference on Hardware/Software codesign and system synthesis},
	year		= 2008,
	pages		= "131 - 136",
	location	= {Atlanta, GA, USA},
	publisher	= {ACM},
	address		= {New York, NY, USA}
}

@inproceedings {
	sld_syscellc,
	
	title		= {SysCellC: SystemC on Cell},
	author		= "Linda Kaouane and Dominique Houzet and Sylvain Huet",
	booktitle	= {Computational Sciences and Its Applications, 2008. ICCSA '08. International Conference on},
	year		= 2008,
	month		= {30 2008 - July 3},
	pages		= {234 - 244},
	doi			= {10.1109/ICCSA.2008.63}
}

@misc {
	sld_specc,
	
    author			= "Rainer Domer and Daniel D. Gajski and Andreas Gerstlauer",
    title			= {SpecC Methodology for High-Level Modeling},
    howpublished	= "9th IEEE/DATC Electronic Design Processes Workshop, Monterey",
    year			= 2002,
    month			= apr,
    url				= "http://www.cecs.uci.edu/~cad/publications/conferences/2000-04/edp02.methodology.pdf"
}




# # # # # # # # # # # # # # # # # # # # # # # # # # # # # #
# System Level Design of Wireless Sensor/Actuator Networks
# # # # # # # # # # # # # # # # # # # # # # # # # # # # # #

@inproceedings {
	sld_wsan_swordfish,
	
	title		= {Multi-level design and optimization of Wireless Sensor Networks},
	author		= "Simone Campanoni and William Fornaciari",
	booktitle	= {Networked Sensing Systems, 2008. INSS 2008. 5th International Conference on},
	year		= 2008,
	month		= jun,
	pages		= {3 - 10},
	doi			= {10.1109/INSS.2008.4610883},
}

@inproceedings {
	sld_wsan_mathworks,
	
	title		= {A Framework for Modeling, Simulation and Automatic Code Generation of Sensor Network Application},
	author		= "Mohammad Mostafizur Rahman Mozumdar and Francesco Gregoretti and Luciano Lavagno and Laura Vanzago and Stefano Olivieri",
	booktitle	= {Sensor, Mesh and Ad Hoc Communications and Networks, 2008. SECON '08. 5th Annual IEEE Communications Society Conference on},
	year		= 2008,
	month		= jun,
	pages		= {515 - 522},
	doi			= {10.1109/SAHCN.2008.68},
}

@techreport {
	sld_wsan_specc_case_study,

	title		= {System Modeling A Case Study on a Wireless Sensor Network},
	author		= "Gautam Sachdeva and Rainer Domer and Pai Chou and Gautam Sachdeva and Rainer DÃ¶mer and Pai Chou",
	day			= 15,
	month		= jun,
	year		= 2005,
	type		= "Technical Report",
	institution	= "Center for Embedded Computer System University of California, Irvine",
	url			= "http://citeseerx.ist.psu.edu/viewdoc/summary?doi=?doi=10.1.1.122.8940",
}

@inproceedings {
	sld_wsan_effective_design,
	
	title		= {Effective design of WSNs: From the lab to the real world},
	author		= "Cesare Alippi and Romolo Camplani and Cristian Galperti and Manuel Roveri",
	booktitle	= {Sensing Technology, 2008. ICST 2008. 3rd International Conference on},
	year		= 2008,
	month		= {30 2008 - Dec. 3},
	pages		= {1 - 9},
	doi			= {10.1109/ICSENST.2008.4757063},
}

@article {
	sld_wsan_envirosuite,
	
	author		= {Luo, Liqian and Abdelzaher, Tarek F. and He, Tian and Stankovic, John A.},
	title		= {EnviroSuite: An environmentally immersive programming framework for sensor networks},
	journal		= {ACM Trans. Embed. Comput. Syst.},
	volume		= 5,
	number		= 3,
	year		= 2006,
	issn		= {1539-9087},
	pages		= {543 - 576},
	doi			= {http://doi.acm.org/10.1145/1165780.1165782},
	publisher	= {ACM},
	address		= {New York, NY, USA},
}

@proceedings {
	sld_wsan_wisenes,

	author		= "Mauri Kuorilehto and Mikko Kohvakka and Marko Hannikainen and Timo D. Hamalainen",
	title		= "{High Abstraction Level Design and Implementation Framework for Wireless Sensor Networks}",
	booktitle	= "Embedded Computer Systems: Architectures, Modeling, and Simulation",
	pages		= {384 - 393},
	publisher	= "Springer Berlin/Heidelberg",
	series		= "Lecture Notes in Computer Science",
	volume		= 3553,
	year		= 2005,
}

@misc {
	sld_wsan_wisenes_presentation,

	author			= "Mauri Kuorilehto and Mikko Kohvakka and Marko Hannikainen and Timo D. Hamalainen",
	title			= "{High Abstraction Level Design and Implementation Framework for Wireless Sensor Networks}",
	howpublished	= {SAMOS V: Embedded Computer Systems: Architectures, MOdeling, and Simulation Samos, Greece},
	month			= jul,
	year			= 2005,
	url 			= "http://daci.digitalsystems.cs.tut.fi:8180/pubfs/fileservlet?download=true \&filedir=dacifs\&freal=Kuorilehto\_Samos2005\_Presentation \_HighAbstractionLevelDesignAndImplementationFrameworkForWSNs.pdf \&id=71106",
}

@misc {
	sld_wsan_femtonode_femtojava,

	author			= "Rodrigo Allgayer and Carlos Eduardo Pereira",
	title			= "{Synthesis of Wireless Sensor Network, Reconfigurable, from SensorML}",
	howpublished	= {Presentation at the 2008 Workshop on Sensor Networks and Applications},
	year			= 2008,
	url 			= "http://www.d2ars.org/d2ars/system/files/Rodrigo-WSeNA08.pdf",
}

@inproceedings {
	sld_wsan_verifying,
	
	author		= "Jin Song Dong and Jing Sun and Jun Sun and Kenji Taguchi and Xian Zhang",
	title		= "{Specifying and Verifying Sensor Networks: An Experiment of Formal Methods}",
	booktitle	= "Formal Methods and Software Engineering",
	pages		= "318 - 337",
	year		= 2008,
	doi			= {10.1007/978-3-540-88194-0_20},
	url			= "http://www.springerlink.com/content/h05w7n4272277554",
}



# # # # # # # # # # # # # # # # # # # # # # # # # # # # # # # # #
# Application Level Design of Wireless Sensor/Actuator Networks
# # # # # # # # # # # # # # # # # # # # # # # # # # # # # # # # #

@inproceedings {
	ald_wsan_insense,
	
	title		= {A Component-Based Model and Language for Wireless Sensor Network Applications},
	author		= "Alan Dearle and Dharini Balasubramaniam and Jonathan Lewis and Ron Morrison",
	booktitle	= {Computer Software and Applications, 2008. COMPSAC '08. 32nd Annual IEEE International},
	year		= 2008,
	month		= {28 July - August 1},
	pages		= {1303-1308},
	doi			= {10.1109/COMPSAC.2008.151},
	ISSN		= {0730-3157},
}

@article{
	ald_wsan_qos,
	
	author	= "Feng Xia and Yu-Chu Tian and Yanjun Li and Youxian Sung",
	title	= {Wireless Sensor/Actuator Network Design for Mobile Control Applications},
	journal	= {Sensors},
	volume	= 7,
	year	= 2007,
	number	= 10,
	pages	= {2157 - 2173},
	url		= "http://www.mdpi.com/1424-8220/7/10/2157",
	issn	= {1424-8220},
	doi		= {10.3390/s7102157}
}

@inproceedings {
	ald_wsan_snlog,
	
	author		= "David Chu and Lucian Popa and Arsalan Tavakoli and Joseph M. Hellerstein and Philip Levis and Scott Shenker and Ion Stoica",
	title		= {The design and implementation of a declarative sensor network system},
	booktitle	= {SenSys '07: Proceedings of the 5th international conference on Embedded networked sensor systems},
	year		= 2007,
	isbn		= {978-1-59593-763-6},
	pages		= {175 - 188},
	location	= {Sydney, Australia},
	doi			= {http://doi.acm.org/10.1145/1322263.1322281},
	publisher	= {ACM},
	address		= {New York, NY, USA},
}

@inproceedings {
	ald_wsan_galsc,
	
	title		= {galsC: a language for event-driven embedded systems},
	author		= "Elaine Cheong and Jie Liu",
	booktitle	= {Design, Automation and Test in Europe, 2005. Proceedings},
	year		= 2005,
	month		= mar,
	pages		= {1050-1055 Vol. 2},
	doi			= {10.1109/DATE.2005.165},
	ISSN		= {1530-1591},
}

@article {
	ald_wsan_data_reduction,
	
	author	= "Antonios Deligiannakis and Yannis Kotidis",
	title	= "{Data Reduction Techniques in Sensor Networks}",
	journal	= "IEEE Data Eng. Bull.",
	volume	= 28,
	number	= 1,
	year	= 2005,
	pages	= "19-25",
	url		= "ftp://ftp.research.microsoft.com/pub/debull/A05mar/kotidis.ps",
}

@misc {
	ald_wsan_reconfigurable,

	author			= "Heiko Hinkelmann",
	title			= "{Reconfigurable Hardware Architectures for Wireless Sensor Network Nodes}",
	howpublished	= {Presentation at the 2009 Workshop on Wireless Sensor Networks andCooperating Objects},
	day				= 29,
	month			= mar,
	year			= 2009,
	url 			= "http://www.igd.fraunhofer.de/igd-a1/workshopwsn/talks/Technology Hinkelmann 090325.pdf",
}




# # # # # # #
# WSN uses
# # # # # # #

@inproceedings {
	wsn_uses_biometric,

	author		= "Debora Claros and Mario De Haro and Miguel Dominguez and Carmen de Trazegnies and Cristina Urdiales and Francisco Sandoval",
	title		= "{Augmented Reality Visualization Interface for Biometric Wireless Sensor Networks}",
	booktitle	= "Computational and Ambient Intelligence",
	pages		= "1074 - 1081",
	year		= 2007,
	url			= "http://www.springerlink.com/content/x2046x0453633323",
}    

@article {
	wsn_uses_mechatronics,
	
	author	= "Kazuhito Hyodo and Hirokazu Noborisaka and Keijiro Yamamoto and Takashi Yada",
	title	= "{Development of the Multipurpose Portable Controller for Mechatronics Education}",
	journal	= "Journal of Robotics and Mechatronics",
	year	= 2007,
	volume	= 19,
	number	= 2,
}

@inproceedings {
	wsn_uses_multiplayer_vr,
	author		= "HyunHo Jee and Doo-seop Eom and Taeyoung Kim and HunKi Park and Hyoil Lee and JungHyun Han",
	title		= "{Multi-player VR game built upon wireless sensor network}",
	booktitle	= {ICUIMC '08: Proceedings of the 2nd international conference on Ubiquitous information management and communication},
	year		= 2008,
	isbn		= {978-1-59593-993-7},
	pages		= "525 - 527",
	location	= "Suwon, Korea",
	doi			= {http://doi.acm.org/10.1145/1352793.1352903},
	publisher	= "ACM",
	address		= "New York, NY, USA",
}

@standard {
	wsn_uses_sensorml,
	
	title			= "{OpenGIS\textregistered Sensor Model Language (SensorML) Implementation Specification}",
	organization	= "Open Geospatial Consortium Inc.",
	number			= "1.0.0",
	year			= 2007,
	editor			= "Mike Botts and Alexandre Robin",
	url				= "http://www.opengeospatial.org/standards/sensorml",
}

	
@article {
	wsn_uses_ar_shift,
	
	author		= "Weihua Tan and Wenjun Li and Xiaocong Zhou and Xiao-bin Zhang",
	title		= "{Shifting from a Computer Game to a Physical Game: A Case Study of ePet}",
	journal		= {Computer Science and Computational Technology, International Symposium on},
	volume		= 2,
	year		= 2008,
	isbn		= {978-0-7695-3498-5},
	pages		= "335 - 338",
	doi			= {http://doi.ieeecomputersociety.org/10.1109/ISCSCT.2008.246},
	publisher	= "IEEE Computer Society",
	address		= "Los Alamitos, CA, USA",
}

@inproceedings{
	wsn_uses_pet,

	author		= "Liang Liu and Huadong Ma",
	title		= "{Wireless sensor network based mobile pet game}",
	booktitle	= "NetGames '06: Proceedings of 5th ACM SIGCOMM workshop on Network and system support for games",
	year		= 2006,
	isbn		= {1-59593-589-4},
	pages		= 30,
	location	= "Singapore",
	doi			= "http://doi.acm.org/10.1145/1230040.1230099",
	publisher	= "ACM",
	address		= "New York, NY, USA",
}

@inproceedings {
	wsn_uses_image_search,
	
	author		= "Tingxin Yan and Deepak Ganesan and Raghavan Manmatha",
	title		= "{Distributed image search in camera sensor networks}",
	booktitle	= {SenSys '08: Proceedings of the 6th ACM conference on Embedded network sensor systems},
	year		= 2008,
	isbn		= {978-1-59593-990-6},
	pages		= "155 - 168",
	location	= {Raleigh, NC, USA},
	doi			= {http://doi.acm.org/10.1145/1460412.1460428},
	publisher	= "ACM",
	address		= {New York, NY, USA},
}




# # # # # # # # # # #
# Physical mapping
# # # # # # # # # # #

@mastersthesis {
	physical_mapping_pods,
	
	author		= "Vernon H. Mauery",
	title		= "{Inheritance Models in Object-Orientated Hardware Using Physical Object Devices}",
	month		= apr,
	year		= 2004,
	school		= "Brigham Young University",
}

@misc {
	physical_mapping_spatial_programming,
	
	author	= "Julien Pauty and Michel Banatre and Paul Couderc",
	title	= "{Logical Versus Physical Programming for Ubiquitous Applications}",
	year	= 2003,
}


@inproceedings {
	physical_mapping_pml,

	author		= "Matthieu Chabanas and Emmanuel Promayon",
	title		= "{Physical Model Language: Towards a Unified Representation for Continuous and Discrete Models}",
	booktitle	= "ISMS",
	year		= 2004,
	pages		= "256--266",
	ee			= "http://springerlink.metapress.com/openurl.asp?genre=article{\&}issn=0302-9743{\&}volume=3078{\&}spage=256",
	crossref	= "physical_mapping_pml_isms",
	bibsource	= "DBLP, http://dblp.uni-trier.de"
}

@proceedings {
	physical_mapping_pml_isms,

	editor		= "Stephane Cotin and Dimitris N. Metaxas",
	title		= "{Medical Simulation: International Symposium, ISMS 2004, Cambridge, MA, USA, June 17-18, 2004. Proceedings}",
	booktitle	= "ISMS",
	publisher	= "Springer",
	series		= "Lecture Notes in Computer Science",
	volume		= 3078,
	year		= 2004,
	isbn		= "3-540-22186-7",
	bibsource	= "DBLP, http://dblp.uni-trier.de"
}


